4464 6082
289 231 336 307 32
828 259 889 319 Joh.
909 261 1044 352 Paulson:
1063 259 1164 319 Studia
1183 259 1328 320 Hesiodea.
1364 261 1386 318 1.

282 449 320 521 in
350 447 416 521 Th.
447 449 652 522 trecenties
681 450 850 543 octogies
876 450 1029 544 septies,
1059 451 1097 521 10
1127 449 1182 522 80.
1213 450 1419 537 ducenties,
1450 449 1488 520 in
1514 446 1581 542 Op.
1602 449 1813 521 trecenties
1834 468 1954 520 sexa·

137 585 169 605 “’
282 583 362 677 gies
389 583 518 656 semel.
575 582 708 676 Neque
737 583 939 656 admodum
969 586 1192 678 frequenter
1220 584 1521 655 deminutionem
1552 584 1716 676 patitur;
1747 583 1858 655 cuius
1880 604 1952 675 ge-

282 717 384 789 neris
425 717 627 811 septimam
659 717 739 789 fere
768 740 955 811 quemque
984 718 1204 790 incisionem
1234 717 1415 790 exhibent
1443 717 1611 789 carmina
1638 716 1949 788 consentientia:

282 849 350 922 Th.
381 851 429 923 59
459 891 500 916 --
535 850 632 938 lae,
663 849 718 923 Sc.
751 851 798 922 27
829 893 870 918 =
904 852 1003 939 13,5,
1033 850 1100 945 Op.
1132 854 1179 924 55
1210 892 1251 916 =
1285 852 1384 938 15,2.
1441 850 1549 921 Unde
1578 851 1740 944 emergit
1765 849 1947 922 trochai-

282 1006 365 1057 cam
407 1007 484 1056 non
527 985 715 1056 minutam
757 989 907 1057 exstare
949 986 987 1056 in
1030 985 1097 1057 Th.
1127 985 1332 1058 trecenties
1361 978 1627 1072 duodetricies‚
1657 985 1681 1056 i.
1712 1006 1744 1056 e.
1774 984 1814 1055 in
1847 984 1945 1073 34,2

282 1118 443 1212 dactylis
485 1140 505 1190 e
542 1119 725 1206 centenis,
753 1119 793 1190 10
821 1118 877 1191 80.
907 1119 1051 1192 centies
1078 1120 1295 1215 septuagies
1323 1122 1385 1191 ter
1412 1158 1453 1183 =
1485 1118 1586 1207 39‚3‚
1616 1119 1655 1190 in
1684 1115 1751 1210 Op.
1781 1122 1944 1191 trecen·

282 1252 356 1324 ties
384 1252 506 1324 sexies
535 1293 575 1316 =
607 1251 708 1340 392.
1050 1344 1054 1350 1

388 1386 442 1457 Ex
470 1385 580 1458 huius
609 1387 750 1481 dactyli
778 1387 1021 1460 incisionibus
1050 1387 1097 1459 ad
1125 1386 1358 1459 trochaicam
1387 1385 1603 1479 frequentia
1631 1385 1803 1479 proxime
1831 1406 1942 1458 acce·

283 1519 341 1591 dit
382 1541 438 1608 ea,
482 1543 577 1613 quae
620 1520 659 1592 in
700 1519 775 1593 fine
818 1524 887 1607 est,
931 1543 976 1594 eo
1010 1525 1139 1593 tamen
1169 1520 1386 1608 intervallo
1415 1523 1459 1591 ut
1486 1519 1680 1592 trochaica
1707 1518 1942 1613 dactylicam

283 1654 399 1726 tertia
441 1654 521 1727 fere
563 1657 674 1747 parte
717 1655 978 1748 exemplorum
1019 1657 1186 1748 superet.
1243 1652 1350 1727 Hanc
1378 1655 1480 1726 enim
1509 1654 1663 1727 exhibet
1690 1652 1758 1725 Th.
1788 1653 1825 1724 in
1859 1653 1941 1726 240

283 1810 358 1875 vv„
402 1786 458 1860 80.
502 1788 541 1858 10
575 1788 661 1876 131,
691 1787 757 1881 Op.
788 1788 828 1858 in
858 1789 946 1860 273.
1002 1787 1123 1860 Maius
1152 1788 1269 1861 etiam
1297 1787 1341 1859 fit
1368 1787 1627 1876 intervallum,
1655 1787 1819 1860 seductis
1849 1785 1940 1859 dac·

233 1998 236 2003 ,
283 1920 385 2014 tylis,
414 1922 478 2014 qui
507 1921 694 1995 diaeresin
723 1921 917 1994 infirmare
945 1922 1134 1994 videntur.
1193 1921 1941 2015 0001000010οη1ιο000001000000000

283 2053 510 2149 frequentia,
541 2060 584 2128 ut
612 2056 795 2143 videmus,
826 2056 938 2150 longe
966 2059 1122 2150 superat
1151 2026 1389 2150 dactylicam,
1419 2055 1511 2128 haec
1539 2056 1601 2127 vix
1621 2055 1802 2149 pauciora
1820 2077 1939 2148 quam

282 2189 348 2261 illa
389 2189 543 2263 exhibet
584 2189 803 2263 deminutae
845 2190 1038 2262 incisionis
1081 2189 1272 2283 exempla;
1316 2189 1383 2262 Th.
1415 2189 1516 2262 enim
1545 2188 1730 2262 eiusmodi
1759 2188 1940 2282 exempla

283 2322 437 2396 exhibet
480 2324 541 2411 52,
586 2323 646 2396 vel
689 2324 908 2396 ecentenis
936 2324 1179 2396 incisionibus
1209 2324 1311 2411 21,7,
1341 2323 1396 2396 80.
1428 2323 1472 2394 31
1508 2363 1549 2387 =
1581 2324 1682 2411 23,7,
1713 2322 1780 2416 Op.
1813 2322 1861 2394 52
1894 2362 1937 2388 =

190 2449 195 2459 ’
289 2455 388 2545 lau.
445 2456 554 2529 Unde
582 2455 626 2528 fit
655 2460 698 2528 ut
726 2456 793 2529 Th.
824 2478 845 2529 0
873 2458 1029 2550 quintae
1057 2457 1156 2530 sedis
1181 2457 1341 2552 dactylis
1360 2457 1543 2530 incisione
1563 2456 1750 2550 dactylica
1768 2456 1939 2528 instruat

288 2591 361 2663 188
390 2631 432 2657 =
466 2590 565 2680 lae,
595 2590 651 2663 80.
686 2591 758 2663 100
788 2630 829 2655 =
860 2592 962 2679 22,7,
993 2591 1060 2685 Op.
1092 2591 1164 2663 221
1198 2631 1240 2656 --
1270 2586 1404 2678 2831.

388 2723 525 2799 incisio
555 2724 722 2798 mascula
750 2726 873 2817 quinti
903 2725 1044 2819 dactyli
1074 2725 1230 2796 dimidio
1251 2725 1432 2819 pauciora
1450 2725 1624 2819 exempla
1643 2724 1802 2819 praebet
1821 2748 1938 2818 quam

283 2858 492 2931 trochaica:
523 2858 590 2930 Th.
625 2857 711 2945 199,
740 2857 796 2930 80.
833 2858 916 2947 108,
947 2858 1014 2952 Op.
1049 2858 1134 2931 100.
1191 2857 1263 2931 Sed
1292 2860 1355 2931 vix
1384 2859 1530 2931 rariora
1558 2861 1646 2931 eunt
1675 2858 1851 2951 exempla
1870 2858 1938 2932 de·

283 2993 538 3065 minutionem
567 3015 688 3086 passa,
717 2991 834 3063 trium
864 2994 1075 3066 carminum
1103 2992 1214 3064 simul
1243 2993 1393 3065 ratione
1413 2992 1544 3064 habita
1561 2987 1587 3064 ⁹.
1643 2992 1731 3064 Eius
1752 2992 1854 3064 enim
1873 3016 1940 3087 ge·

284 3126 386 3198 neris
428 3126 602 3220 exempla
643 3126 710 3199 Th.
754 3127 913 3220 praebet
956 3124 1004 3198 39
1042 3167 1083 3191 =
1118 3125 1201 3215 19,0
1233 3148 1253 3198 0
1282 3127 1464 3218 00010010,
1494 3125 1549 3198 80.
1582 3126 1630 3197 28
1660 3166 1701 3190 .--
1732 3124 1835 3213 aaa,
1865 3124 1937 3221 Op.

254 3357 261 3368 '
286 3259 334 3331 00
365 3300 407 3324 =
436 3259 540 3346 41,3.
597 3259 719 3344 Quare
747 3259 831 3353 plus
860 3260 1016 3332 dimidio
1045 3244 1241 3353 pauciores
1261 3263 1351 3331 sunt
1370 3260 1525 3353 quintae
1545 3260 1643 3332 sedis
1663 3259 1805 3354 dactyli
1824 3261 1940 3333 semi-

284 3393 492 3465 novenaria
532 3393 684 3485 integra
720 3394 895 3466 instructi
924 3416 1036 3487 quam
1066 3393 1129 3486 qui
1157 3393 1350 3465 trochaica
1378 3397 1550 3466 utuntur.
1606 3393 1711 3465 Illius
1739 3394 1842 3465 enim
1871 3417 1938 3488 ge-

285 3527 386 3599 neris
415 3526 569 3599 exhibet
597 3525 664 3599 Th.
700 3526 772 3599 100
802 3566 843 3591 =
878 3527 976 3616 107,
1006 3526 1061 3599 80.
1094 3526 1143 3598 80
1173 3568 1213 3591 =
1248 3528 1346 3615 18,2,
1377 3527 1443 3620 Op.
1477 3525 1523 3598 94
1554 3567 1596 3592 =
1630 3527 1728 3614 12,1.

390 3659 477 3731 Jam
507 3660 553 3732 ad
582 3660 837 3754 spondeorum
867 3661 1068 3733 incisiones
1096 3662 1316 3733 tractandas
1345 3661 1597 3756 aggredimur.

284 3939 359 3990 mus,
395 3920 486 3996 paulo
520 3919 637 3996 saepius
668 3919 753 3978 nobis
776 3920 907 3979 occurrit
929 3919 1169 3996 semiseptenaria
1192 3940 1282 3997 quam
1307 3921 1412 3997 quinta
1435 3920 1601 3981 trochaica:
1626 3921 1706 3980 illam
1731 3922 1808 3981 enim
1832 3941 1848 3981 e
1873 3943 1941 3986 ceu-

236 4025 240 4032 '
284 4027 360 4086 teuis
384 4027 509 4103 dactylis
533 4027 671 4086 exhibent
695 4026 780 4103 47,5,
804 4026 879 4085 hanc
902 4031 1003 4085 autem
1027 4028 1111 4094 43‚5.

398 4129 407 4166 ¹
432 4135 625 4194 Trochaicam
655 4154 808 4193 caesuram
831 4135 991 4192 firmiorem
1015 4152 1077 4193 esse
1101 4154 1190 4210 quam
1215 4136 1392 4210 dactylicum
1416 4136 1462 4193 vel
1486 4136 1553 4194 inde
1577 4137 1682 4206 elucet,
1708 4137 1827 4212 quode
1852 4138 1940 4212 10010,

285 4241 336 4316 qui
359 4245 519 4316 utramque
542 4242 691 4303 exhibent.
716 4242 816 4316 plures
840 4241 1016 4315 dactylicam
1040 4260 1130 4316 quom
1155 4242 1335 4301 trochaicum
1366 4242 1551 4300 deminuunt.
1599 4241 1719 4301 Omissis
1749 4243 1825 4301 euim
1850 4252 1943 4320 quat·

284 4351 355 4406 tuor
378 4348 514 4423 dactylis,
538 4348 589 4423 qui
613 4348 733 4422 utrique
757 4348 816 4406 vim
839 4348 987 4407 inserunt:
1013 4348 1059 4409 Sc.
1085 4348 1159 4418 377,
1184 4348 1239 4425 Op.
1266 4349 1339 4418 215,
1367 4349 1438 4418 709,
1471 4349 1542 4416 726,
1560 4350 1741 4409 trochaicam
1757 4350 1942 4414 deminuunt

286 4473 320 4512 οι
341 4453 386 4512 xis
408 4454 480 4513 rous
506 4454 544 4511 27
571 4439 613 4525 (in
637 4454 691 4512 10.
718 4457 747 4525 0,
772 4454 818 4514 se.
845 4458 874 4522 0,
899 4454 955 4531 op.
982 4454 1044 4527 12),
1068 4456 1245 4531 dactylicam
1270 4459 1369 4514 aaran
1393 4455 1434 4513 ee
1453 4454 1495 4526 (0
1519 4455 1852 4533 ru.11‚s0.1o,op.
1876 4459 1943 4532 17).

287 4559 399 4619 Nullus
423 4560 559 4635 dactylus
582 4565 742 4636 utrumque
766 4562 913 4638 integram
936 4562 1064 4620 exhibet.

395 4661 531 4737 'Quum
566 4668 663 4744 quinti
698 4669 809 4744 dactyli
844 4670 994 4728 trochaica
1029 4688 1151 4727 caesura
1174 4668 1306 4746 integrus
1330 4670 1468 4728 exhibeat
1492 4669 1553 4727 807
1579 4670 1743 4740 incisiones,
1769 4670 1946 4735 deminutus

289 4772 361 4844 141,
397 4775 544 4849 dactylica
579 4774 710 4849 integras
746 4775 819 4845 509,
856 4776 1022 4834 deminutus
1061 4775 1132 4846 135,
1168 4776 1198 4834 in
1232 4777 1466 4835 semiuoveuaria
1490 4782 1608 4836 exstant
1626 4777 1764 4854 'integrae
1790 4778 1866 4848 334,
1893 4782 1945 4843 de.

285 4880 419 4939 minutae
447 4881 519 4939 133.
