4464 6082
288 298 337 372 54
826 327 889 383 uon.
908 327 1043 383 naason:
1062 327 1164 383 senua
1182 327 1330 384 essiones.
1366 328 1389 383 1.

390 511 435 584 111
464 513 537 585 duo
550 520 553 524 ’
566 535 707 608 genera
731 514 1011 586 distribuuntur
1031 513 1206 607 exempla
1229 513 1446 617 positionis
1469 536 1629 607 quorum
1647 535 1765 584 unum
1785 535 1831 585 ea
1850 535 1948 586 con·

285 647 386 719 tinet
427 647 611 740 exempla,
654 647 719 719 ubi
761 648 901 720 vocalis
944 650 983 720 et
1012 669 1200 720 consonae
1229 647 1396 720 eiusdem
1427 647 1528 720 vocis
1556 650 1657 735 sunt,
1687 646 1852 719 alterum
1883 669 1946 734 aa,

285 803 445 873 quorum
488 782 629 854 uocalis
672 784 731 853 est
772 780 894 854 finialis
936 782 1039 854 vocis
1080 782 1353 868 antecedentia,
1393 803 1581 854 consonae
1610 782 1649 852 in
1677 782 1805 854 fronte
1835 781 1947 854 vocis
2033 772 2039 780 ’

284 914 477 1008 sequentis
505 918 595 986 sunt
621 915 781 1008 positae.
837 914 1009 988 Tertium
1037 937 1155 1008 genus
1184 919 1242 988 est
1270 916 1319 1003 id,
1342 916 1442 1009 quod
1462 938 1507 987 ea
1526 915 1791 1008 complectitur
1811 889 1944 988 exem·

285 1048 359 1142 pla,
403 1071 561 1142 quorum
605 1070 792 1121 consonae
820 1049 944 1121 altera
971 1049 1128 1121 alterius
1156 1052 1246 1120 suut
1274 1049 1418 1122 1υοίοῇ
1446 1048 1557 1121 Cuius
1585 1048 1735 1143 generis
1764 1049 1947 1143 exempla

284 1181 423 1275 ubique
451 1182 660 1274 producere
689 1186 840 1255 constat
860 1178 884 1254 ¹.
941 1182 1014 1255 Sed
1049 1205 1164 1275 quum
1194 1181 1381 1268 Hesiodus
1409 1206 1526 1253 unum
1554 1185 1706 1254 tantum
1735 1183 1845 1254 huius
1875 1205 1943 1276 ge-

284 1316 385 1388 neris
415 1317 628 1410 exemplum
658 1316 852 1409 praebeat,
881 1315 948 1388 Th.
984 1316 1075 1388 178:
1105 1312 1238 1410 πάντη·
1270 1309 1287 1386 ό
1317 1307 1346 1384 δ’
1377 1309 1421 1385 ἐκ
1449 1310 1590 1410 λογεοῐο
1618 1311 1706 1401 κτλ,
1735 1316 1845 1389 huius
1875 1339 1943 1410 ge-

284 1449 385 1521 neris
426 1450 618 1522 rationem
660 1449 905 1543 postmodum
947 1472 1025 1521 non
1067 1448 1227 1522 habebo.
1284 1448 1417 1543 Neque
1447 1453 1572 1522 exstat
1600 1450 1700 1543 apud
1728 1449 1944 1522 Hesiodum
2067 1551 2070 1555 ,

284 1584 402 1655 ullum
446 1583 604 1656 verbum
641 1583 906 1679 compositum,
936 1583 1040 1656 cuius
1068 1583 1173 1676 prius
1201 1582 1415 1655 membrum
1443 1584 1482 1654 in
1511 1587 1656 1654 mutam
1687 1584 1777 1670 exit,
1807 1587 1942 1676 poste·

284 1718 361 1790 rius
390 1741 412 1789 a
441 1718 582 1810 liquida
609 1717 754 1810 incipit.
810 1699 958 1812 ἀφνειός
992 1717 1105 1805 enim,
1136 1717 1237 1809 quod
1266 1716 1431 1810 quinque
1460 1716 1614 1789 exhibet
1642 1717 1816 1810 exempla
1848 1739 1942 1810 pro·
2048 1768 2057 1785 .

284 1850 484 1938 ductionisu,
514 1875 601 1939 non,
632 1855 675 1923 ut
704 1851 917 1924 docuerunt
945 1853 1095 1923 veteres
1123 1850 1374 1944 grammatici,
1405 1851 1659 1944 compositum
1688 1852 1746 1922 est
1775 1873 1795 1956 e
1824 1824 1941 1943 prae·

283 1986 474 2080 positione
503 1979 608 2075 ἀπ(ό)
638 1988 677 2058 et
706 1978 786 2065 ένος
814 1979 928 2074 γένος)
946 1979 972 2056 ².

343 2236 370 2304 Ι.
415 2237 603 2325 Exempla,
626 2236 664 2304 in
688 2236 820 2335 quibus
844 2235 983 2324 liquida
1007 2235 1146 2325 excipit
1169 2235 1306 2304 mutam
1330 2234 1369 2302 in
1392 2234 1568 2304 interiore
1592 2255 1721 2304 uocum
1745 2235 1861 2324 parts.

390 2424 427 2510 a)
457 2422 650 2516 Exempla,
681 2423 720 2494 in
749 2423 884 2516 quibus
913 2422 1066 2527 liquida,
1096 2443 1193 2515 quae
1222 2424 1281 2494 est
1309 2415 1341 2505 λ,
1371 2421 1512 2514 excipit
1539 2424 1696 2493 mutam.

389 2555 655 2629 Productionis
685 2556 859 2650 exempla
886 2555 979 2628 haec
1006 2558 1111 2627 sunt:

284 2683 340 2785 βλ.
390 2689 456 2762 Τ11.
488 2681 773 2786 έλικοβλέφαρον
820 2690 885 2777 16;
929 2688 985 2762 Sc.
1025 2683 1300 2784 ἀμφίβληστρον
1340 2689 1434 2775 215;
1475 2688 1541 2781 Op.
1572 2681 1810 2784 ὀκτάβλωμον
1839 2688 1939 2777 442;

488 2818 644 2919 βίβλινος
675 2823 762 2895 589.
952 2815 957 2823 ’
1318 2876 1321 2883 .

281 2950 339 3050 γλ.
390 2956 457 3030 Th.
487 2948 672 3052 ’Ἄγλαΐην
703 2957 791 3045 909,
823 2957 916 3043 345;
948 2949 1087 3048 ἀγλαόν
1117 2957 1212 3043 628;
1244 2951 1370 3049 ἀγλαά
1400 2955 1488 3042 366,
1518 2954 1608 3043 412,
1639 2955 1732 3043 ota

389 3091 445 3164 Sc.
487 3085 627 3185 ἀγλαΐη
660 3090 753 3178 276;
785 3084 938 3182 ἀγλαΐαι
967 3091 1064 3177 285;
1095 3083 1255 3186 ἀγλαΐῃς
1286 3090 1380 3176 272;
1412 3083 1552 3181 ἀγλαός
1582 3089 1628 3161 37
1638 3111 1646 3176 ;

390 3224 457 3319 Op.
487 3218 614 3316 ἀγλαά
644 3225 738 3311 337;
756 3217 979 3316 ,ἐκπάγλους
1010 3224 1100 3310 154;
1158 3223 1216 3295 Fr.
1245 3218 1385 3315 ἀγλαός
1407 3222 1513 3311 97,2;
1544 3217 1671 3315 ἀγλαά
1691 3223 1798 3311 33,5;
1831 3224 1936 3311 58,2.

282 3352 343 3429 πλ.
390 3358 457 3429 Th.
488 3353 669 3428 ἄπλαστοι
702 3360 770 3430 151
785 3381 793 3446 ;
825 3351 991 3453 ἄπλητος
1024 3358 1109 3445 153,
1134 3356 1229 3445 709;
1256 3351 1421 3451 ἄπλητον
1444 3357 1538 3444 315;
1560 3348 1815 3453 ἐπιπλομένων
1835 3355 1935 3446 493;

489 3484 623 3561 ἔπλετο
653 3491 741 3579 425,
773 3491 867 3578 836;
899 3482 1030 3585 ἔπλητ’
1056 3490 1145 3578 133;
1167 3483 1353 3560 έΰπέπλον
1375 3491 1469 3577 273;
1490 3483 1741 3587 κροκόπεπλος
1762 3490 1850 3577 358,
1874 3511 1935 3561 -ον

489 3625 583 3713 273;
612 3617 868 3695 κυανόπεπλον
898 3624 994 3711 466;
1029 3619 1127 3693 όπλα
1157 3624 1251 3711 853;
1288 3617 1487 3703 ὁπλότατος
1521 3625 1605 3712 137,
1635 3643 1693 3694 -ον
1724 3624 1812 3711 333,
1842 3624 1934 3713 478,

488 3759 577 3846 821,
593 3753 800 3853 ὁπλοτάτην
818 3757 912 3847 946;
933 3752 1211 3854 περιπλομένων
1237 3757 1325 3846 1843
1352 3749 1558 3853 ὑπέροπλον
1580 3758 1667 3846 613,
1691 3758 1778 3845 676,
1799 3749 1936 3854 ὑπερό-

354 3864 359 3874 ’
488 3886 581 3962 πλου
613 3893 708 3979 516;
1816 3961 1819 3967 .

389 4027 445 4099 Sc.
489 4019 655 4121 ἄπλητον
699 4028 788 4113 268,
830 4045 882 4095 -οι
916 4025 1004 4111 236,
1043 4045 1100 4096 -αι
1130 4026 1218 4113 250,
1248 4019 1425 4121 ἀπλήτων
1460 4024 1548 4111 117;
1579 4017 1834 4121 ἐπιπλομένων
1865 4026 1935 4115 87;

487 4153 703 4232 ἐϋπλεκέων
734 4160 829 4247 306;
860 4151 1001 4228 Ὁπλέα
1033 4159 1124 4246 186;
1155 4154 1387 4229 τανύπεπλον
1417 4159 1465 4229 83
1475 4180 1483 4244 ;

394 4335 404 4372 ¹
428 4340 570 4416 Schmidt,
596 4334 717 4398 Greicd.
734 4331 871 4396 olearia.
896 4330 1034 4416 Leipziq.
1061 4333 1156 4395 1872.
1181 4357 1250 4413 pag.
1275 4330 1327 4407 81,
1356 4356 1410 4396 cur
1436 4336 1548 4412 ubique
1563 4337 1651 4396 huius
1667 4337 1782 4414 generis
1799 4338 1937 4413 exempla

281 4447 458 4522 producant,
483 4467 602 4505 causam
627 4447 723 4505 affort.
776 4447 855 4517 „Aus
880 4446 1018 4504 welchem
1043 4443 1196 4512 Grunde“,
1221 4444 1328 4519 inquit,
1359 4445 1414 4515 „ist
1437 4464 1498 4501 nun
1515 4445 1577 4502 eine
1594 4444 1811 4520 Quantitirung
1827 4445 1882 4502 wie
1899 4422 1939 4502 ἐκ

282 4543 399 4615 Ῥόδου,
425 4528 459 4608 ἐκ
495 4542 564 4628 ῥόου
599 4554 774 4611 undenkbar
808 4553 869 4610 und
904 4552 1096 4627 unbelegbor.
1132 4552 1272 4609 wahrend
1306 4571 1375 4609 men
1410 4551 1485 4610 doch
1519 4571 1566 4609 am
1602 4552 1768 4628 htutigsteu
1803 4545 1937 4628 μάκμός,

282 4651 408 4735 Adtende
430 4660 627 4736 quantitirte?
650 4659 728 4716 Weil
751 4679 820 4717 men
844 4658 993 4716 natiirlich
1017 4658 1100 4716 einen
1116 4677 1229 4734 genuen
1246 4657 1314 4716 Satn
1331 4659 1406 4717 doch
1422 4658 1504 4717 nicht
1519 4677 1551 4716 so
1568 4677 1625 4730 eng
1640 4660 1934 4734 zusammensprach‚

282 4768 348 4827 dass
371 4786 404 4826 er
427 4766 519 4843 vollig
548 4768 592 4825 als
615 4767 662 4824 ein
685 4767 810 4841 einziges
835 4764 923 4824 Wort
946 4764 1086 4833 orschien,
1110 4765 1173 4822 und
1196 4764 1262 4822 weil
1286 4785 1355 4823 man
1378 4765 1463 4823 einen
1487 4764 1693 4823 Consonanten
1718 4784 1775 4822 nur
1791 4765 1829 4822 da
1844 4765 1937 4825 siber·

281 4893 346 4950 cog,
371 4893 417 4933 wo
441 4874 493 4932 das
517 4872 627 4932 Geffihl
650 4872 700 4931 des
723 4872 936 4947 Wohlklanges
960 4890 990 4930 es
1014 4871 1123 4940 befahl,
1149 4871 1276 4929 namlich
1299 4872 1345 4930 bei
1369 4871 1537 4948 folgendem
1562 4870 1704 4929 Vocule“.

391 4975 500 5056 'Agit
523 4975 559 5037 de
583 4979 670 5037 huius
694 4979 774 5037 uocis
797 4984 896 5055 etymo
920 4977 1051 5049 Curtius,
1078 4973 1269 5058 Gracudzitqe
1291 4973 1348 5036 der
1371 4973 1496 5039 Griecla
1521 4972 1721 5061 Etyozoloyie.
1761 4975 1823 5037 5.·1ο
1839 4972 1936 5062 Aufl.

281 5082 422 5172 Lcipziq.
471 5081 566 5145 1879.
614 5105 663 5147 nto
688 5086 763 5148 653.
1749 5099 1752 5105 ·
