4464 6082
287 219 334 298 10
832 248 953 309 Jonru
954 249 1050 309 ulson:
1045 250 1245 310 wrStdiaHes
1246 249 1385 365 iodeal

860 485 937 556 m
970 294 1887 619 alu-lm

326 691 563 785 cumprime
638 690 734 784 pede
768 691 937 784 spondeo
1013 693 1056 764 31
1116 693 1173 786 5,l
1246 693 1293 765 70
1346 692 1408 780 1,8
1475 691 1524 830 28
1578 692 1640 778 1,8
1707 690 1830 761 (11.7
1811 688 1870 777 74,

363 855 377 885 ,,
437 798 601 871 secundo
681 855 695 885 ,‚
840 855 855 886 „

363 906 556 992 ,tertio
680 962 695 992 „
840 963 855 992 ,,

363 1069 378 1101 ,
439 1015 575 1106 quarto
681 1070 696 1098 „
841 1069 856 1100 ,,
916 1062 918 1069 >
1014 1019 1021 1039 ‘

363 1177 378 1207 ,,
439 1121 575 1213 quinto
680 1177 695 1207 „
840 1177 855 1206 ,

282 1379 325 1451 ll.
354 1378 372 1450 I
401 1356 680 1473 dirnidia'pars
713 1380 848 1452 horum
891 1402 1068 1473 versuum
1096 1379 1162 1467 (18
1193 1402 1213 1452 6
1244 1381 1309 1469 36)
1337 1378 1526 1473 spondeos
1554 1381 1704 1472 ponunt
1732 1378 1769 1449 in
1798 1377 1934 1472 prima,

282 1513 447 1586 secunda
474 1517 514 1586 et
543 1517 680 1607 quarta
707 1515 868 1603 sedibus,
899 1537 991 1608 quas
1025 1515 1162 1586 ceteris
1191 1514 1310 1608 magis
1339 1515 1500 1606 apparet
1528 1513 1608 1585 sine
1636 1492 1767 1585 versus
1795 1510 1935 1583 damno

282 1647 471 1740 spondeos
513 1649 694 1741 accipere.
752 1647 927 1720 Carmina
968 1647 1158 1720 Hesiodea
1185 1671 1264 1720 non
1292 1648 1363 1719 ita:
1394 1646 1461 1718 Th.
1492 1647 1593 1718 enirn
1623 1668 1644 1719 6
1675 1648 1722 1717 77
1755 1645 1935 1734 versibus,

283 1782 346 1874 qui
375 1782 495 1854 ternis
523 1782 699 1875 spondeis
727 1784 901 1871 utuntur,
930 1783 969 1853 in
997 1768 1055 1853 his
1083 1782 1233 1854 sedibus
1263 1782 1310 1853 32
1342 1821 1383 1846 =
1413 1779 1501 1868 41‚o
1532 1780 1721 1874 spondeos
1749 1780 1936 1853 collocare

283 1915 386 2003 facit,
415 1915 471 1988 Sc.
507 1917 550 1987 12
583 1938 603 1988 6
634 1917 682 1987 33
713 1956 754 1980 =
785 1917 887 2005 353,
918 1916 984 2010 Op.
1017 1917 1065 1988 28
1095 1938 1141 1988 ex
1171 1917 1218 1988 85
1250 1956 1291 1981 =
1314 1916 1415 2004 aad.
1471 1914 1581 1987 Unde
1601 1914 1764 2008 emergit
1783 1914 1844 1987 vel
1863 1914 1935 1986 hoc

284 2050 438 2123 nomine
468 2048 534 2143 Op.
566 2050 797 2123 deteriorem
826 2053 950 2123 artem
977 2051 1095 2143 sequi,
1126 2074 1241 2144 quum
1271 2050 1442 2122 duriores
1470 2050 1624 2142 figurae,
1656 2071 1751 2142 quae
1777 2049 1936 2121 tertium

283 2184 490 2278 spondeum
522 2206 605 2257 cnm
636 2184 733 2255 binis
761 2184 843 2255 aliis
872 2185 1045 2277 iungunt,
1076 2206 1120 2256 eo
1150 2184 1360 2257 crebriores
1388 2184 1483 2271 sint;
1515 2206 1606 2276 quas
1634 2183 1772 2255 ceteris
1800 2182 1933 2254 carmi·

283 2318 393 2389 nibus
421 2317 505 2410 plus
534 2317 648 2410 duplo
677 2318 826 2411 saepius
854 2317 1113 2411 frequentant.
1170 2316 1309 2390 Versus
1329 2340 1349 2390 e
1369 2318 1491 2389 tribus
1515 2317 1693 2411 spondeis
1712 2317 1936 2410 incipientes

283 2452 471 2544 imprimis
499 2451 652 2545 placent
680 2435 747 2523 Th.
778 2455 818 2524 et
846 2452 933 2546 Op:
964 2451 1030 2523 illa
1058 2452 1243 2524 eiusmodi
1271 2473 1402 2525 versus
1426 2450 1580 2524 exhibet
1604 2452 1648 2522 17
1671 2472 1691 2523 6
1714 2452 1759 2522 77
1782 2447 1823 2515 '=
1845 2451 1929 2539 22,1

284 2585 376 2659 haec
409 2565 453 2656 17
484 2585 606 2658 6186
638 2626 679 2650 --
713 2585 811 2673 198,
845 2608 960 2679 quum
988 2584 1064 2656 111
1093 2586 1217 2659 6186.
1247 2590 1453 2680 quaternos
1482 2584 1702 2679 praebeant.
1760 2585 1832 2679 Op:
1855 2584 1936 2657 sola
2036 2602 2041 2607 ·

284 2718 416 2791 favent
445 2719 625 2805 versibus,
655 2720 718 2812 qui
746 2719 935 2813 spondeos
964 2724 1113 2813 ponunt
1140 2720 1179 2791 in
1208 2719 1384 2807 secunda,
1408 2720 1527 2792 tertia
1559 2722 1599 2792 et
1619 2722 1755 2812 quarta
1772 2719 1934 2807 sedihuS,

185 2911 188 2917 .
284 2853 389 2925 cuius
430 2853 580 2946 generis
616 2853 780 2925 sedecim
809 2856 962 2925 exstant
991 2894 1032 2918 =
1066 2854 1170 2942 18,6;
1208 2876 1338 2927 versus
1366 2852 1405 2924 id
1433 2874 1551 2947 genus
1580 2853 1688 2926 nobis
1717 2853 1820 2924 obvii
1847 2856 1937 2924 sunt

284 2987 323 3057 in
351 2985 394 3058 Il.
423 2985 442 3056 Ι
470 2989 559 3074 tres
589 2986 628 3057 in
657 2985 724 3057 ΙΤ11.
755 2990 795 3058 61
823 2985 999 3059 Sereni.
1056 2986 1216 3060 Videtur
1245 2988 1363 3060 etiarn
1390 2985 1434 3059 Il.
1458 2960 1614 3081 imagis
1634 3009 1748 3081 quarn
1767 2987 1937 3059 carmina

285 3119 474 3192 Hesiodea
501 3120 767 3193 reformidasse
796 3144 819 3192 a
847 3120 980 3214 quinto
1010 3122 1106 3214 pede
1126 3121 1295 3215 spondeo
1314 3121 1504 3215 iungendo
1524 3142 1610 3193 cum
1629 3121 1732 3192 binis
1746 3114 1934 3212 spondeis.

391 3388 472 3460 Iam
503 3389 666 3461 diximus
695 3412 779 3482 pag.
811 3390 846 3477 3,
877 3413 912 3460 n.
948 3390 961 3461 1
995 3388 1253 3462 Ludwichium
1279 3388 1535 3484 spondeorum
1555 3389 1785 3482 gravitatem
1806 3389 1935 3462 defen·

285 3523 375 3595 dere
404 3531 543 3616 eosque
571 3523 801 3615 improbare,
831 3523 894 3617 qui
923 3523 1084 3595 diaeresi
1113 3523 1270 3617 aliisque
1300 3523 1488 3610 remediis,
1518 3523 1693 3616 spondeis
1721 3523 1935 3612 summotis,

286 3656 457 3751 dactylos
499 3655 675 3729 efficiant.
732 3656 908 3729 Ostendit
943 3655 991 3745 ΙΙ,
1026 3680 1112 3751 pag.
1144 3657 1215 3729 301
1249 3680 1328 3751 sqq.
1358 3656 1546 3749 spondeos
1574 3656 1730 3729 omniuo
1759 3657 1934 3749 frequen-
1974 3630 1979 3641 ³

284 3792 404 3864 tiores
433 3767 513 3863 esse
541 3790 641 3884 apud
670 3791 904 3884 antiquiores
933 3794 1066 3884 poetas
1095 3814 1208 3884 quam
1227 3790 1328 3884 apud
1347 3790 1592 3884 posteriores,
1614 3793 1654 3863 et
1673 3812 1803 3862 versus
1822 3790 1935 3863 hexa-

285 3928 431 3997 metros
472 3924 657 4018 paulatim
686 3924 848 3996 formam
886 3925 1006 4019 magis
1035 3924 1261 4019 dactylicam
1290 3924 1361 3996 sibi
1389 3924 1577 4012 ascivisse,
1607 3928 1661 4013 ut,
1691 3947 1807 4017 quum
1836 3924 1936 4019 apud

286 4058 496 4132 Homerum
525 4080 545 4130 e
574 4059 744 4131 centenis
772 4059 929 4152 pedihus
957 4059 1080 4132 viceni
1106 4059 1185 4155 fere
1204 4059 1285 4132 seni
1303 4057 1462 4153 spondei
1481 4059 1570 4146 sint,
1591 4057 1815 4153 Apollonius
1834 4058 1934 4133 Rho·

286 4191 369 4263 dius
404 4215 449 4264 ex
479 4193 612 4264 eodem
642 4214 800 4264 numero
830 4193 980 4265 vicenos
1009 4198 1152 4282 ternos,
1182 4192 1429 4266 Callimachus
1463 4191 1542 4265 1616
1574 4193 1727 4265 vicenos
1754 4193 1934 4287 singulos,

286 4325 445 4398 Nonnus
472 4349 583 4399 senos
612 4326 728 4398 denos
757 4326 837 4398 1616
865 4326 1054 4419 spondeos
1080 4327 1269 4400 exhibeat.
1325 4326 1447 4411 Quare
1467 4327 1530 4420 qui
1550 4326 1750 4419 spondeos,
1770 4326 1834 4398 ubi
1853 4326 1936 4400 fieri

287 4460 419 4553 possit,
449 4459 670 4547 dissolvant,
705 4461 936 4553 gravitatem
965 4461 1174 4533 carminum
1204 4459 1493 4532 Homericorum
1523 4461 1695 4534 minuere
1723 4460 1934 4534 contendit.

394 4592 449 4664 lte
491 4614 593 4679 vera,
636 4593 812 4686 spondeis
854 4593 1058 4682 dissolutis,
1099 4615 1177 4666 non
1218 4593 1312 4665 nihil
1354 4597 1526 4666 mutatur
1560 4594 1771 4667 carminum
1799 4596 1933 4668 forma.

288 4705 341 4798 Er
384 4726 551 4799 editione
593 4726 745 4799 Bnachii
780 4772 822 4782 -
854 4729 984 4821 quiin
1024 4727 1271 4801 dissolvendis
1298 4728 1476 4821 spondeis
1510 4728 1676 4800 maxima
1703 4730 1826 4801 utitur
1854 4752 1934 4803 mo·

288 4860 410 4934 166116
456 4904 498 4915 -
544 4861 728 4934 annotavi
770 4884 815 4934 ex
856 4860 900 4934 Il.
942 4860 960 4932 I
1002 4861 1254 4956 quadraginta
1295 4866 1482 4955 quattuor·
1519 4862 1776 4936 dissolutionis
1810 4885 1935 4936 erem·
