4464 6082
389 1620 614 1702 summarium
644 1642 767 1717 eorum,
796 1642 880 1720 quae
907 1619 971 1701 hac
999 1619 1192 1701 Studiorum
1221 1619 1456 1700 Hesiodeorunt
1483 1626 1581 1720 parto
1609 1621 1832 1702 continentur.

394 1862 476 1951 Gap.
502 1863 531 1932 I.
576 1863 629 1932 De
653 1885 826 1932 versuum
848 1862 978 1949 figuris
1003 1911 1675 1931 .....................
1701 1890 1791 1949 pagg.
1819 1869 1939 1929 1-13.

394 1996 438 2054 Da
474 1996 607 2055 versibus
643 1997 827 2055 diversorum
863 1997 1075 2055 formationum
1111 1995 1239 2055 vicissim
1273 2015 1304 2056 se
1328 1996 1541 2073 excipientibus
1565 2016 1633 2073 pag.
1663 1996 1689 2054 1.
1720 2031 1753 2038 -
1781 1996 1825 2055 De
1849 1995 1938 2055 variis

288 2122 427 2162 versuum
463 2104 566 2162 formis
599 2124 669 2181 pag.
696 2105 724 2161 2.
752 2134 792 2143 -
816 2104 966 2162 Versuum
990 2104 1103 2163 formae
1126 2122 1180 2180 per
1202 2104 1327 2163 tabellas
1354 2107 1545 2164 recensentur
1568 2123 1637 2180 pag.
1662 2105 1693 2163 4.
1722 2137 1756 2146 -
1784 2103 1828 2162 De
1851 2122 1937 2179 spon·

288 2211 348 2270 deis
383 2211 413 2269 in
448 2211 626 2270 hexametris
649 2211 757 2271 obviis:
792 2210 846 2287 Op.
883 2211 977 2285 magis
1001 2231 1090 2287 quam
1116 2211 1170 2269 Th.
1196 2215 1249 2270 aut
1272 2210 1319 2270 Sc.
1343 2211 1480 2287 spondeis
1504 2211 1657 2269 abundare
1680 2230 1751 2287 pag.
1777 2212 1812 2281 53
1842 2244 1875 2253 -
1904 2211 1939 2269 de

195 2368 205 2386 ,
288 2319 486 2394 spondeorum
521 2319 639 2376 sedibus
674 2337 743 2395 pag.
770 2320 804 2387 6;
839 2351 871 2361 -
900 2319 936 2377 de
959 2319 1158 2394 spondeorum
1181 2319 1331 2396 gravitate
1354 2321 1385 2376 et
1408 2318 1443 2376 de
1466 2318 1603 2394 spondeis
1626 2318 1657 2377 in
1680 2318 1815 2395 dactylos
1839 2318 1939 2378 dissol-

287 2426 389 2484 vendis
412 2446 482 2502 pag.
510 2425 559 2484 10.
589 2461 624 2470 -
651 2416 819 2485 Desertae
842 2426 918 2485 sedis
942 2426 1038 2485 forma
1060 2446 1130 2503 pag.
1158 2427 1207 2484 12.

396 2561 479 2650 Gap.
503 2562 550 2631 11.
597 2562 650 2631 De
674 2562 839 2649 caesuris
880 2613 1153 2629 .........
1169 2578 1175 2603 ¹
1181 2612 1655 2629 ...............
1679 2588 1770 2646 pagg.
1798 2567 1937 2628 13-47.

395 2692 554 2753 (laesuram
590 2715 648 2755 non
676 2696 828 2755 observari
852 2699 921 2753 anto
944 2695 1094 2767 encliticas
1118 2714 1213 2771 nequo
1238 2700 1305 2772 post
1327 2694 1497 2771 proeliticas
1520 2714 1589 2773 pag.
1617 2694 1668 2753 13.
1697 2727 1730 2736 -
1758 2694 1939 2754 incisionum

288 2802 456 2877 frequentia
480 2822 532 2878 per
555 2803 680 2861 tabellas
704 2803 862 2879 exponitur
885 2823 954 2879 pag.
981 2802 1031 2861 14,
1062 2838 1094 2845 -
1123 2803 1167 2861 De
1191 2822 1313 2861 caesura
1337 2802 1502 2861 deminuta:
1528 2802 1566 2873 Α)
1584 2802 1706 2861 vocibus
1722 2801 1939 2862 semienolitieis

288 2907 365 2986 (μέν,
402 2902 445 2976 δέ,
481 2906 548 2985 γάρ,
584 2910 852 2987 praepositionibus
887 2909 1006 2969 nomina
1036 2909 1258 2986 excipientibus,
1294 2898 1337 2973 ὣς
1358 2911 1426 2985 post
1450 2908 1558 2985 posito)
1583 2928 1652 2987 pag.
1679 2909 1735 2980 15;
1764 2892 1798 2951 -’
1826 2908 1865 2979 Β)
1889 2927 1941 2971 vo·

288 3017 371 3076 cibus
394 3016 627 3093 semiproelitiois
652 3013 726 3087 (aad,
751 3016 1031 3093 praepositionibus)
1056 3036 1123 3094 pag.
1152 3016 1205 3086 193
1236 3052 1267 3058 -
1296 3015 1331 3087 G)
1355 3016 1473 3075 elisione
1490 3021 1521 3075 et
1537 3016 1722 3093 correptione
1737 3036 1806 3094 pag.
1826 3017 1877 3074 22.
1901 3050 1934 3059 —

288 3124 483 3199 Dactylorum
508 3124 661 3183 incisiones
685 3125 786 3183 ordine
810 3127 981 3182 tractantur
1004 3143 1072 3199 pag.
1099 3124 1150 3182 22.
1180 3158 1213 3166 —-
1242 3122 1298 3193 (De
1322 3124 1429 3182 tertiae
1452 3123 1527 3182 sedis
1552 3116 1680 3183 caesuris
1702 3123 1782 3200 apud
1798 3122 1940 3182 Nonnum

288 3251 357 3308 pag.
395 3230 459 3303 27).
501 3263 534 3273 -
574 3230 778 3317 Spondeorum
803 3231 957 3290 incisiones
981 3231 1083 3290 ordine
1107 3210 1278 3289 tractantur
1300 3251 1370 3306 pag.
1396 3231 1448 3290 33.
1479 3263 1512 3273 —
1541 3230 1598 3301 (De
1622 3229 1756 3289 versibus
1779 3229 1939 3290 dimidiatis

289 3340 369 3414 apud
403 3338 570 3397 «Iohannem
594 3339 731 3397 Taetrum
755 3358 824 3414 pag.
850 3339 901 3409 35,
926 3358 955 3396 n.
980 3338 1024 3410 4).
1071 3339 1114 3396 De
1139 3338 1276 3422 versibus¹
1295 3338 1325 3396 in
1349 3338 1568 3414 monosyllabas
1592 3337 1768 3397 exeuntibus
1792 3357 1859 3414 pag.
1886 3336 1938 3395 40.

293 3478 326 3488 -
355 3446 413 3505 Per
447 3447 572 3505 tabellas
606 3451 797 3505 recensentur
829 3465 968 3505 caesurae
992 3446 1029 3504 ad
1052 3446 1223 3504 firmitatem
1247 3446 1405 3522 dispositae
1428 3466 1497 3522 pag.
1522 3444 1575 3504 41.
1605 3478 1639 3488 -
1667 3446 1728 3504 Gur
1752 3445 1940 3520 dactylorum

289 3553 442 3613 incisiones
478 3555 514 3612 ab
550 3554 595 3624 iis,
631 3573 706 3629 quas
740 3553 884 3629 praebent
911 3553 1042 3629 spondei,
1078 3552 1193 3629 seiungi
1217 3553 1345 3612 debeant
1366 3573 1436 3630 pag.
1462 3553 1514 3611 42.
1545 3583 1580 3593 ·-
1606 3553 1650 3611 De
1674 3552 1808 3611 versibus
1832 3551 1939 3611 tertiae

288 3660 364 3753 sedis
389 3680 541 3720 caesuram
564 3661 769 3721 omittentibus
794 3680 861 3737 pag.
888 3661 939 3729 43,
965 3664 1090 3736 quartae
1113 3661 1190 3719 sedis
1213 3681 1282 3737 pag.
1307 3663 1360 3720 46.

396 3797 479 3885 Gap.
503 3797 571 3864 111.
616 3796 669 3864 De
693 3795 859 3864 caesuris
882 3795 1178 3884 interpunctione
1203 3796 1323 3865 auctis
1349 3846 1655 3863 ..........
1680 3822 1770 3880 pagg.
1795 3802 1936 3861 47-53.

396 3930 578 3988 Tractentur
601 3931 656 3988 hoe
679 3929 798 3989 ordine:
823 3929 1042 4004 semiquinaria,
1066 3929 1156 3988 tertia
1179 3929 1339 3999 trochaica,
1364 3928 1508 3995 bucolica,
1532 3928 1782 4005 semiseptenaria,
1806 3927 1936 3986 semiter-

289 4037 382 4105 naria,
420 4037 515 4113 prima
551 4037 699 4107 diaeresis
723 4037 819 4112 prima
842 4037 1002 4103 trochaica,
1027 4055 1150 4095 caesura
1185 4055 1261 4111 quae
1285 4041 1330 4095 est
1353 4040 1420 4113 post
1443 4037 1569 4112 primam
1593 4036 1700 4106 thesin,
1725 4035 1855 4095 secunda
1879 4040 1938 4095 tro·

289 4146 400 4218 choica,
424 4145 553 4204 secunda
577 4144 724 4213 diaeresis,
748 4144 992 4216 seminovenaria,
1016 4143 1121 4218 quinta
1145 4144 1294 4203 trochaica
1318 4164 1387 4220 pag.
1412 4144 1464 4202 47.
1494 4179 1527 4186 —
1555 4144 1599 4201 De
1624 4143 1753 4202 caesuris
1770 4143 1938 4219 interpunc-

289 4252 400 4311 tionem
423 4271 482 4310 non
505 4251 717 4327 praebentibus
741 4271 810 4328 pag.
837 4252 888 4308 52.
920 4284 952 4293 -
981 4251 1024 4308 De
1048 4251 1182 4309 versibus
1205 4251 1235 4309 in
1260 4250 1527 4327 interpunctionem
1552 4250 1728 4310 exorantibus
1752 4270 1822 4327 pag.
1848 4251 1900 4309 52.

396 4387 480 4475 Gap.
503 4386 566 4455 IV.
611 4386 664 4454 De
688 4385 872 4474 positione
896 4386 983 4454 ante
1007 4383 1154 4454 iunctas
1177 4385 1316 4453 mutam
1340 4386 1378 4454 et
1400 4384 1574 4473 liquidam
1613 4439 1621 4453 .
1647 4439 1653 4451 .
1679 4412 1768 4470 pagg.
1794 4392 1935 4452 53-88.

396 4522 420 4580 1.
466 4520 619 4596 Exempla,
655 4519 685 4577 in
716 4520 824 4595 quibus
848 4519 961 4595 liquida
985 4519 1092 4595 exeipit
1115 4523 1230 4577 mutam
1254 4518 1283 4577 in
1306 4519 1447 4577 interiore
1470 4538 1578 4578 vocum
1602 4523 1703 4595 parte:
1728 4518 1758 4591 a)
1781 4511 1937 4594 liquidad

289 4647 358 4704 pag.
397 4629 446 4687 54.
475 4658 512 4668 -
538 4627 570 4700 b)
600 4627 712 4702 liquida
741 4642 854 4704 ppag.
881 4628 932 4685 56.
962 4659 995 4669 -
1024 4626 1052 4697 c)
1076 4626 1190 4702 liquida
1213 4639 1228 4680 ν
1251 4646 1321 4702 pag.
1347 4624 1398 4684 57.
1428 4660 1461 4669 ·-
1490 4625 1521 4697 d)
1546 4626 1658 4703 liquida
1683 4641 1699 4702 ρ
1722 4645 1792 4703 pag.
1818 4625 1869 4684 58.
1899 4656 1932 4668 -·

289 4735 452 4795 Discrimen
487 4736 565 4794 inter
599 4739 697 4793 mutas
732 4734 913 4794 intercedere
940 4754 1009 4811 pag.
1035 4735 1091 4803 63,
1121 4767 1154 4776 —
1182 4733 1260 4791 inter
1282 4734 1409 4809 liquidas
1433 4753 1502 4809 pag.
1527 4735 1579 4792 64.
1608 4766 1642 4775 -
1671 4732 1786 4792 Tabula
1809 4732 1937 4808 produc·

289 4844 405 4903 tionum
428 4850 459 4901 et
481 4844 700 4919 correptionum
725 4843 813 4901 huius
835 4842 951 4919 generis
974 4862 1063 4918 pagg.
1090 4842 1230 4900 64-65.
1260 4875 1293 4883 -
1321 4841 1360 4899 ΙΙ.
1408 4840 1559 4916 Exempla,
1584 4840 1615 4899 in
1636 4840 1744 4916 quibus
1760 4839 1873 4916 liquida
1888 4859 1935 4899 ex·

290 4950 363 5027 cipit
385 4954 500 5008 mutam
523 4950 553 5008 in
576 4951 674 5009 fronte
698 4970 814 5019 vocum,
839 4949 934 5009 vocali
958 4948 988 5006 in
1012 4948 1091 5007 vocis
1115 4948 1315 5007 antecedentis
1338 4948 1395 5006 fine
1418 4948 1528 5023 posita:
1554 4947 1583 5018 a)
1607 4947 1723 5023 liquida
1746 4940 1765 5003 λ
1788 4966 1857 5024 pag.
1883 4948 1935 5007 65.

296 5092 328 5103 -—
356 5059 388 5127 b)
412 5057 526 5135 liquida
550 5073 572 5135 p
594 5078 663 5135 pag.
689 5056 740 5116 67.
770 5091 804 5100 —
832 5056 860 5133 e)
883 5056 996 5135 liquida
1020 5070 1035 5111 ν
1058 5075 1127 5137 pag.
1153 5054 1205 5115 67.
1235 5088 1268 5097 -
1297 5053 1327 5127 d)
1352 5055 1464 5139 liquida
1487 5069 1519 5133 p:
1536 5054 1569 5125 α)
1585 5054 1789 5137 productionis
1805 5055 1938 5137 exempla
