4464 6082
300 307 304 312 ’
325 288 371 358 52
847 316 908 370 Joh.
928 315 1062 370 Paulson:
1081 315 1180 370 Studia
1200 315 1343 371 Hesiodea.
1380 316 1401 369 I.

323 497 456 596 ταόρου
486 493 699 596 ἐριβρύχεω,
729 495 837 598 μένος
866 495 1035 596 ἀσχέτου,
1065 497 1179 572 όσσαν
1208 495 1385 596 ἀχαόρου,

324 628 457 704 ἄλλοτε
486 626 516 703 δ’
546 626 637 704 αὖτε
667 627 825 723 [ἐοικότα
853 629 926 722 ἀπὶ]
957 629 1101 714 λέοντος
1131 628 1285 704 ἀναιδέα
1312 632 1433 731 θυμόν
1464 628 1620 730 ἔχοντος,

323 763 457 838 ἀλλοτε
486 761 516 837 δ’
546 761 593 838 αὑ
623 763 868 839 σκυλάκεσσιν
898 761 1042 838 ἐοικότα
1072 769 1127 857 [=
1157 764 1352 839 σκυλάκων
1381 763 1442 839 ἀπὶ
1470 762 1627 856 ἐοικότα]
1656 763 1733 838 κ’λ.

323 901 473 975 Scilicet
514 897 767 972 ἀνακόλουθον
809 904 848 973 in
891 925 935 974 eo
972 903 1136 995 positum
1166 904 1235 989 est,
1267 903 1365 994 quod
1396 905 1512 995 poeta
1539 926 1608 996 pro
1639 924 1731 975 voce
1760 902 1982 975 catulorum

322 1035 412 1128 ipsis
441 1036 575 1108 catulis
603 1036 740 1107 similia
768 1035 865 1106 dixit
892 1036 1061 1108 sonuisse
1090 1058 1201 1108 voces
1230 1036 1398 1128 capitum
1426 1037 1611 1108 draconis
1667 1035 1710 1107 ln
1745 1035 1878 1128 quihus
1904 1058 1982 1129 ege

323 1169 417 1240 nihil
445 1170 612 1257 invenio,
642 1170 741 1262 quod
770 1192 792 1240 a
820 1170 1012 1242 locutione
1041 1168 1230 1251 Hesiodea
1258 1170 1425 1241 alienum
1453 1170 1503 1241 sit
1522 1165 1546 1241 ¹.

430 1302 593 1375 Ratione
635 1303 751 1394 igitur
792 1303 923 1374 habita
963 1304 1296 1396 interpunctionis,
1340 1327 1375 1375 v.
1411 1304 1484 1374 832
1516 1303 1624 1375 nobis
1654 1303 1805 1375 videtur
1832 1303 1881 1374 ad
1910 1325 1981 1375 eos

323 1459 464 1521 versus,
495 1438 557 1531 qui
586 1437 623 1507 iu
654 1437 822 1509 bucolica
850 1437 1139 1531 interpungunt,
1168 1437 1390 1510 referendus
1419 1460 1500 1541 esse
1517 1431 1543 1508 2.

430 1570 616 1642 Hesiodus
657 1571 774 1663 igitur
816 1594 999 1663 nusquam
1028 1571 1337 1663 interpunctione
1366 1573 1481 1664 auget
1509 1570 1720 1658 incisiones
1751 1593 1846 1663 (puae
1876 1571 1980 1644 exci-

325 1704 434 1796 piunt
468 1705 502 1792 l)
531 1704 689 1775 tertium
718 1704 873 1797 pedem;
909 1704 948 1791 2)
978 1708 1156 1796 quartum
1184 1704 1428 1792 trochaeum;
1460 1705 1499 1792 3)
1529 1705 1704 1796 quintum
1732 1704 1978 1794 trochaeum;

326 1837 364 1926 4)
394 1837 567 1929 quintum
596 1837 752 1930 pede1n;
791 1839 830 1926 ὁ)
858 1840 1005 1909 sextam
1038 1838 1177 1909 thesin.
1235 1838 1339 1923 Quod
1369 1838 1417 1909 ad
1445 1838 1593 1931 singula
1621 1839 1789 1910 carmina
1817 1839 1978 1927 attinet,

325 1973 480 2063 praeter
522 1971 589 2042 has
622 1971 949 2063 interpunctiones
991 1971 1058 2043 Th.
1089 1994 1166 2043 non
1195 1972 1367 2066 agnoscit
1395 1994 1470 2059 eas,
1501 1994 1597 2064 quae
1625 1972 1778 2043 suntin
1808 1973 1980 2045 secunda

324 2104 518 2176 trochaica
545 2126 700 2188 caesura
728 2107 768 2176 et
796 2105 834 2176 in
863 2105 1187 2196 seminevenaria;
1218 2105 1274 2178 Sc.
1304 2128 1428 2199 neque
1456 2127 1662 2193 caesuram,
1693 2127 1788 2199 quae
1808 2109 1867 2178 est
1886 2110 1980 2199 post

324 2238 488 2331 primam
528 2237 666 2326 thesin,
709 2260 831 2330 neque
859 2238 1063 2310 secundam
1092 2239 1336 2327 trochaicam,
1366 2262 1488 2333 neque
1518 2262 1613 2332 quae
1642 2242 1700 2312 est
1729 2243 1816 2344 post
1843 2262 1978 2312 secun·

325 2372 414 2443 dum
442 2372 589 2465 pedem,
619 2395 798 2464 uinquam
826 2373 1135 2465 interpunctione
1164 2378 1296 2468 auget;
1328 2374 1394 2467 Op.
1424 2374 1597 2446 abnuunt
1624 2373 1979 2467 interpunctionem

325 2509 412 2599 post
441 2507 603 2599 primam
632 2505 757 2577 thesin
774 2501 801 2577 ³.
1124 2492 1126 2496 Α
1501 2512 1505 2519 ’

431 2639 484 2710 Ex
513 2640 569 2727 iis,
600 2662 695 2732 quae
724 2622 845 2712 adhuc
874 2641 920 2712 de
948 2639 1138 2713 Hesiodea
1165 2641 1462 2734 interpungendi
1491 2642 1641 2715 ratione
1670 2642 1843 2734 exposita
1870 2646 1978 2731 sunt,

326 2775 487 2867 emergit
502 2795 686 2861 caesuras,
703 2796 777 2865 quo
792 2772 979 2846 firmiores
993 2775 1081 2863 sint,
1094 2797 1139 2848 eo
1155 2775 1433 2868 frequentiores
1448 2776 1618 2868 accipere
1634 2775 1979 2869 interpunctiones.

325 2907 430 2992 Quod
459 2916 585 2999 quum
602 2907 659 2978 ita
686 2908 746 2987 sit,
777 2911 997 3000 exspectare
1027 2909 1115 2981 licet
1143 2907 1377 3001 frequentius
1406 2910 1523 2981 etiam
1548 2931 1678 2981 uersus
1696 2909 1736 2980 in
1756 2909 1980 3002 interpunc-

325 3042 469 3113 tionem
513 3041 628 3129 exire,
672 3065 786 3134 quum
827 3042 931 3114 vocis
973 3042 1216 3131 intermissio,
1261 3065 1356 3135 quae
1389 3043 1491 3115 inter
1519 3065 1648 3115 versus
1676 3041 1732 3131 fit,
1762 3045 1982 3119 necessarie

437 3348 447 3385 ¹
472 3353 599 3413 Guietus'
621 3354 732 3413 voluit:
757 3344 851 3409 ὄσσαν
873 3343 961 3412 ἵεντο.
1008 3354 1120 3429 Paleyo
1143 3355 1241 3430 placet
1257 3355 1294 3412 ad
1310 3355 1456 3431 genitivos
1473 3350 1583 3431 τοιόρου
1600 3358 1630 3412 et
1646 3348 1767 3418 λέοντος
1782 3354 1983 3433 intellegere:
2052 3420 2057 3428 ,

325 3457 421 3541 φωναὶ
443 3451 530 3539 ἦσαν,
556 3481 581 3519 ε.
606 3481 634 3519 ν.
661 3463 741 3531 829;
766 3461 864 3519 rninus
888 3464 967 3536 apte,
992 3466 1026 3519 ut
1050 3461 1121 3519 mihi
1146 3461 1275 3520 videtur.

435 3563 447 3599 ²
471 3568 593 3626 Silentio
617 3588 675 3626 nen
699 3568 897 3626 omittendum
921 3571 966 3626 est
988 3566 1183 3626 Wieselerum
1207 3568 1237 3626 in
1261 3589 1295 3627 ea
1318 3589 1350 3627 re
1374 3569 1537 3639 offendisse,
1556 3570 1636 3645 quod
1652 3571 1749 3646 poeta,
1767 3588 1861 3645 quum
1878 3570 1985 3646 prime

325 3676 389 3733 leco
413 3675 563 3750 epitheton
587 3665 754 3752 ἐριβρόχεω
777 3675 919 3750 posuerit,
945 3676 1039 3734 altero
1063 3680 1162 3733 autem
1186 3676 1224 3733 ad
1251 3676 1340 3734 aliam
1355 3677 1569 3752 proprietatem
1586 3676 1797 3752 designandam
1812 3677 2003 3740 subiecerit.

325 3779 415 3859 μένος
438 3773 578 3859 ἀσχέτου,
603 3782 693 3840 tertio
717 3782 874 3840 dictionem
898 3781 1077 3851 adhibuerit,
1102 3801 1162 3857 qua
1185 3782 1281 3841 denuo
1304 3783 1488 3860 significetur
1510 3799 1567 3840 een
1589 3783 1692 3842 leonis.
1739 3783 1872 3855 Accedit,
1892 3787 1983 3860 quod

325 3889 380 3947 hoc
403 3889 465 3948 solo
488 3890 553 3948 loeo
576 3879 654 3944 ὄσσα
678 3890 713 3947 de
737 3888 872 3946 animalis
895 3907 967 3946 voce
990 3888 1108 3947 dicitur.
1155 3887 1240 3958 Quod
1265 3890 1350 3949 docet
1372 3890 1556 3949 Schoemann
1571 3890 1601 3948 in
1618 3891 1696 3949 hunc
1712 3874 1841 3949 versum.
1890 3891 1987 3962 Quod

326 4015 419 4072 quum
443 3996 485 4054 ita
508 3995 556 4066 sit,
582 3995 706 4054 forsitan
730 3995 934 4053 emendatione
957 3999 1044 4071 egeat
1067 4014 1134 4061 vox,
1159 4014 1235 4070 quae
1258 4001 1303 4055 est
1326 3987 1413 4052 ὅσσοι.
1437 3977 1441 3984 ’

431 4102 608 4161 addendum
644 4112 689 4161 est
723 4102 811 4160 K.-K.
836 4095 1007 4176 (Hesiodea
1030 4117 1108 4181 quac
1129 4096 1280 4178 feruutur
1301 4100 1455 4161 corruisse.
1502 4097 1573 4162 Her.
1598 4097 1747 4182 Koechly,
1772 4099 1838 4162 lect
1865 4103 1986 4168 variet.

325 4204 441 4267 errbscr.
466 4203 594 4267 Kr'ulel.
642 4204 770 4287 Lipsiae
794 4200 1074 4283 MDCCOLXX.)
1097 4210 1258 4268 seeundum
1282 4210 1373 4270 libros
1396 4230 1516 4269 versum
1539 4211 1593 4270 hoc
1617 4211 1704 4269 modo
1727 4229 1867 4270 exarare:

682 4310 792 4391 ταόρου
817 4305 993 4393 ἐριβρόχεω,
1018 4313 1108 4394 μένος
1132 4307 1261 4394 ἄσχετον
1284 4308 1377 4372 ὄσσαν
1402 4307 1535 4393 &parisien
1563 4353 1611 4373 -.

326 4423 382 4482 Sed
406 4415 537 4501 ἄσχετος
560 4423 631 4481 mihi
655 4441 713 4481 non
742 4422 861 4480 videtur
891 4425 995 4498 aptum
1019 4441 1089 4493 esse,
1115 4424 1195 4499 quod
1218 4424 1366 4482 referatur
1390 4425 1427 4482 ad
1450 4415 1554 4480 ὄσσαν.
1579 4415 1712 4502 ἄσχετος
1734 4424 1812 4482 enim
1835 4444 1900 4485 non
1925 4434 1989 4503 est,

325 4534 360 4588 ut
383 4531 619 4606 interpretantur
642 4529 774 4605 quidam,
799 4529 850 4604 qui
874 4530 945 4588 haec
968 4529 1059 4588 verba
1083 4530 1225 4606 iungunt:
1253 4525 1480 4609 irrecuperabilis,
1498 4532 1548 4590 sed
1565 4522 1697 4609 ἄσχετος
1712 4530 1822 4590 dieitur
1837 4531 1875 4604 is,
1894 4537 1990 4598 euius

326 4642 444 4696 tantum
468 4640 513 4695 est
536 4637 638 4712 robur,
663 4640 698 4694 ut
721 4636 842 4694 retineri
865 4655 924 4695 non
948 4637 1041 4712 possit
1065 4635 1128 4711 (qui
1152 4637 1250 4695 omnia
1274 4637 1429 4697 obstacula
1452 4638 1538 4697 facile
1562 4638 1676 4708 vineit).

435 4738 448 4776 ³
473 4744 619 4803 Homerus
643 4762 713 4801 vero
736 4747 855 4818 praeter
877 4743 1144 4819 interpunctionem
1166 4743 1196 4801 in
1212 4748 1321 4819 quarta
1336 4746 1486 4804 trochaica
1502 4764 1624 4804 caesura
1640 4746 1767 4821 positam
1783 4744 1880 4806 etiam
1897 4750 1991 4823 haee,

326 4872 402 4927 quae
437 4854 583 4927 respuunt
618 4850 748 4909 carmina
778 4848 933 4920 Hesiodea,
958 4851 1231 4926 interpunctionem
1253 4871 1363 4927 genera
1387 4852 1530 4928 agnoscit,
1555 4853 1605 4911 sed
1628 4872 1707 4912 raro.
1753 4851 1935 4927 Hoffmann,
1964 4861 1993 4931 I,

326 4959 359 5029 ἐξ
384 4958 524 5016 31-34.
571 4958 644 5017 Post
667 4958 805 5033 quintum
828 4958 931 5033 pedem
956 4961 986 5015 et
1010 4959 1124 5016 sextam
1148 4958 1242 5016 thesin
1266 4958 1300 5017 iis
1324 4962 1442 5017 tanturn
1465 4960 1536 5019 locis
1552 4959 1733 5035 interpungi,
1750 4959 1803 5017 ubi
1820 4962 1995 5030 vocativus

327 5085 411 5124 casus
435 5084 538 5124 versus
562 5065 726 5123 clausulam
750 5064 867 5134 efficiat,
892 5065 978 5122 docet
1001 5063 1116 5133 Harlel,
1141 5064 1164 5135 I,
1188 5084 1257 5140 pag.
1283 5066 1357 5123 439.
1406 5066 1513 5125 Confer
1536 5068 1637 5142 hymn.
1661 5066 1699 5137 V,
1726 5064 1799 5138 137,
1826 5068 1911 5132 203.
