4464 6082
289 252 361 325 158
833 281 895 335 Joh.
916 281 1047 335 Paulson:
1067 280 1166 335 Studia
1186 278 1329 335 Hesiodea.
1366 278 1388 333 1.

390 465 549 538 Exstant
584 467 701 560 igitur
729 467 769 536 iu
796 466 915 539 tertia
941 466 1136 539 trochaica
1162 487 1317 539 caesura
1343 485 1482 538 novem
1510 462 1649 552 hiatus,
1679 486 1849 558 quorum
1879 485 1944 537 sex

284 601 323 673 in
366 599 447 688 Th,
477 623 573 672 uuus
601 601 640 671 in
669 599 739 690 Sa,
770 600 842 673 duo
872 601 916 671 iu·
940 600 1012 689 Fr,
1042 601 1081 671 in
1110 600 1278 673 bucolica
1306 620 1457 687 novem,
1487 620 1647 691 quorum
1676 599 1716 670 in
1744 597 1817 671 Th.
1848 603 1941 686 tres,

283 735 322 807 in
347 734 402 809 Sc.
434 734 520 827 dna,
540 734 590 806 'in
610 734 676 828 Op.
698 738 789 822 tres,
810 735 848 805 in
868 734 927 806 Fr.
949 757 1055 806 unus.
1100 733 1219 822 Sunt,
1241 734 1304 827 qui
1325 732 1620 821 excusationem,
1641 754 1757 826 quam
1777 732 1942 827 praebet

283 891 449 958 caesura,
480 869 602 942 altera
630 869 874 942 excusatione
903 871 1078 963 augeant.

389 1003 444 1074 Ex
486 1003 542 1091 iis,
587 1003 650 1096 qui
692 1004 731 1073 in
772 1003 891 1077 tertia
924 1003 1119 1075 trochaica
1145 1023 1301 1075 caesura
1328 1002 1589 1089 inveniuntur,
1617 1004 1714 1073 tres:
1744 999 1816 1073 Th.
1848 999 1938 1089 264,

285 1136 373 1225 605,
410 1135 466 1210 Sc.
512 1136 600 1225 354,
631 1158 807 1210 caesurae
836 1138 912 1209 vim
942 1139 1083 1230 augent
1110 1136 1432 1230 interpunctione.
1489 1134 1556 1206 Th.
1587 1133 1661 1206 855
1693 1133 1822 1206 altera
1848 1134 1938 1208 inde

283 1272 475 1345 excusatio
518 1271 674 1359 accedit,
718 1271 815 1364 quod
858 1293 936 1343 non
972 1271 1072 1359 licet,
1103 1270 1250 1363 opinor,
1281 1268 1437 1341 elisione
1465 1289 1705 1340 summovere
1734 1286 1753 1337 ο
1782 1266 1939 1341 finalem

283 1405 417 1478 exitus·
447 1404 625 1499 gignendi
667 1427 773 1478 casus
815 1425 901 1490 -οιο;
936 1427 1032 1498 quae
1068 1403 1268 1477 excusandi
1311 1424 1423 1476 causa
1463 1400 1531 1472 Th.
1577 1400 1650 1474 605
1694 1400 1851 1474 additur
1880 1402 1938 1472 iu·

282 1539 553 1632 terpunctioni.
600 1539 652 1611 At
674 1562 751 1611 non
772 1537 980 1626 dubitatur,
1001 1539 1092 1631 quin
1111 1537 1193 1610 sola
1210 1556 1388 1610 caesurae
1406 1535 1539 1608 firmae
1559 1535 1805 1608 excusatione
1825 1537 1937 1607 utan-

282 1676 346 1745 tur
374 1672 441 1745 Th.
476 1672 536 1761 19,
567 1673 656 1761 255,
688 1671 776 1761 549,
805 1671 864 1743 Fr.
900 1672 998 1762 14,3,
1031 1672 1125 1759 232;
1162 1671 1227 1744 sed
1263 1670 1542 1743 dubitationem
1572 1669 1618 1743 de
1646 1672 1754 1742 recta-
1781 1669 1938 1763 legendi

283 1806 433 1880 ratione
462 1810 620 1879 movent
647 1809 727 1880 tres
755 1807 810 1878 illi
838 1806 977 1894 hiatus,
1006 1805 1069 1904 qui
1099 1807 1189 1878 ante
1217 1803 1444 1899 particulam
1472 1796 1558 1893 ἰδίέ)
1587 1802 1696 1875 nobis
1715 1806 1937 1876 occurrunt.

282 1938 384 2024 Quae
425 1940 613 2034 particula
654 1940 858 2012 admodum
900 1962 986 2012 raro
1024 1940 1150 2012 exstat
1177 1938 1275 2033 apud
1305 1936 1513 2010 Hesiodum
1533 1932 1557 2010 ¹.
1613 1936 1700 2009 Jam
1729 1935 1938 2033 Bentley0‚

281 2075 382 2146 teste
410 2073 586 2161 Brachia,
616 2074 737 2146 visum
767 2078 826 2147 est
853 2065 883 2142 τ’
911 2066 983 2169 ἠδέ
1011 2094 1080 2166 pro
1107 2091 1149 2142 τε
1178 2065 1232 2141 ἰδέ
1260 2070 1462 2165 legendum
1492 2092 1572 2144 esse
1600 2069 1668 2143 Th.
1693 2068 1752 2159 19,
1774 2070 1815 2143 id
1835 2072 1939 2165 quod

282 2209 400 2281 etiam
429 2207 522 2279 mihi
551 2208 687 2301 placet.
745 2207 921 2279 Codicum
950 2207 1158 2279 auctoritas
1186 2205 1267 2279 iere
1295 2204 1400 2276 nulla
1429 2208 1498 2278 est.
1555 2203 1661 2289 Quod
1690 2204 1738 2276 ad
1757 2203 1820 2277 Fr.
1849 2205 1937 2295 14,3

282 2341 436 2431 attinet,
465 2342 579 2415 lectio
608 2342 775 2435 vulgata,
806 2363 901 2435 quae
930 2344 1006 2414 est:

459 2469 563 2545 Φαιιίι
591 2468 632 2546 θ’·
660 2468 861 2572 ἱμερόεσσα
887 2471 950 2546 καί
978 2467 1135 2571 Εὐδώρη
1164 2468 1396 2554 τανύπεπλος
1425 2464 1625 2570 (ίμερόεσσ
1653 2464 1753 2568 aar)

283 2610 402 2703 magis
445 2610 537 2681 mihi
580 2609 732 2683 videtur
773 2631 981 2703 congruere
1010 2632 1094 2682 cum
1124 2609 1317 2702 epicorum
1346 2630 1414 2680 usu
1443 2606 1632 2701 loquendi.
1687 2606 1732 2678 In
1761 2605 1823 2679 Fr.
1857 2608 1935 2680 232

283 2743 459 2836 equidem
488 2743 769 2837 apertissimum
799 2742 1042 2837 deprehendo
1071 2743 1259 2815 iotacismi
1279 2743 1493 2836 vestigium.
1551 2740 1703 2815 Codices
1723 2742 1936 2834 praebent:

575 3003 653 3062 524:
679 2994 788 3083 ἤσθιεν
812 2993 977 3068 ἀθάνατον,
1001 2997 1034 3058 τό
1058 2993 1085 3056 δ’
1109 2992 1213 3067 ἀέξετο
1238 2991 1353 3086 (Dium
1377 2990 1504 3080 ἁπάντη·

574 3112 654 3170 603;
679 3099 714 3174 ὅς
735 3124 772 3166 κε
795 3107 891 3188 γάμον
915 3104 1030 3190 φεάγων
1053 3104 1106 3165 καί
1131 3106 1269 3187 μέρμερα
1292 3100 1421 3193 (fidam
1444 3110 1601 3180 γυναικῶν·

573 3216 652 3276 677:
678 3215 878 3298 προφρονέως,
902 3219 1013 3296 χειρῶν
1038 3232 1069 3273 τε
1094 3205 1162 3295 βίης
1184 3208 1218 3271 θ’
1243 3206 1308 3294 ἅμα
1332 3208 1473 3301 (Waxos
1497 3207 1626 3296 ἔφαινον·

574 3325 653 3383 692;
679 3319 784 3402 χειρός
807 3316 867 3380 ἄπο
891 3319 1045 3402 στιβαρῆς,
1071 3313 1154 3402 ἱερὴν
1178 3317 1277 3404 φλόγα
1300 3312 1560 3408 (Ῐγείλορόωντες

573 3433 653 3491 965:
679 3433 728 3488 νῦν
752 3424 785 3486 δέ
808 3424 911 3487 θεάων
935 3425 1028 3511 μόλον
1052 3421 1185 3497 ἀείσατε,
1210 3420 1430 3514 (Ηίγδοέπειοιι
1479 3497 1483 3506 ¹

553 3538 653 3597 1021:
678 3540 727 3595 νῦν
752 3530 785 3593 δέ
808 3540 955 3611 γυναικῶν
979 3531 1072 3617 μόλον
1096 3528 1228 3604 ἀείσατε,
1254 3527 1474 3620 (γῑγὴδοέπειαι

494 3646 540 3705 Sc.
593 3646 651 3705 38:
677 3637 842 3710 ἐκτελέσας
866 3643 944 3723 μέγα
968 3637 1053 3720 ἔργον
1077 3635 1202 3724 ἀφίκετο
1226 3635 1347 3729 (ῃδνδε
1372 3637 1508 3722 δόμονδε·

575 3754 653 3811 355:
679 3742 831 3831 Τρηχῖνος
854 3741 1035 3830 προβέβηκε,
1061 3745 1096 3806 σὺ
1121 3741 1205 3806 δ”εῗι
1230 3745 1315 3829 μάλα
1339 3741 1488 3833 (ficiato
1510 3747 1563 3807 καί
1588 3740 1686 3817 αὐτός·

495 3859 550 3936 Op.
599 3859 656 3918 20:
680 3850 700 3938 ἦ
724 3854 832 3914 τεκαὶ
856 3849 1017 3936 ἀπάλαμόν
1041 3872 1096 3934 περ
1119 3848 1201 3936 ὅμως
1225 3848 1273 3914 ἐπὶ
1297 3850 1437 3942 (γῒ)ἕργον
1461 3849 1580 3935 ἐγείρει.

595 3968 654 4025 43ι
680 3954 802 4044 ῥηιδίως
825 3962 882 4041 γάρ
905 3980 957 4020 κεν
981 3961 1033 4020 καί
1058 3955 1105 4020 ἐπ’
1128 3957 1222 4044 ἤματι
1246 3955 1473 4048 (Ηὲργάσσαια

573 4073 653 4132 231;
679 4061 741 4129 οὐδ’
766 4063 854 4151 διαίτη,
878 4067 995 4149 θαλίης
1019 4065 1051 4127 δέ
1075 4065 1234 4151 μεμηλότα
1258 4064 1386 4154 (ρλέργα
1409 4070 1557 4149 νέμονται·

574 4183 654 4240 352:
681 4171 732 4259 Μὴ
756 4176 840 4235 κακὰ
862 4172 1039 4256 κερδαίνειν·
1063 4174 1147 4234 κακά
1170 4171 1283 4254 κέρδεα
1307 4168 1399 4262 (Did
1424 4170 1543 4257 οἰάιησι·

570 4289 650 4347 495:
675 4277 804 4366 ἰσχάνει,
830 4280 907 4343 ἔνθα
929 4279 959 4343 κ’
984 4278 1093 4350 ἄοκνος
1116 4277 1192 4364 ἀνὴρ
1216 4275 1295 4364 μέγα
1319 4276 1453 4369 (smirnos
1477 4277 1612 4367 ὀφέλλοι·

573 4395 653 4454 498;
679 4388 780 4451 πολλὰ
804 4387 830 4449 δ’
855 4385 965 4470 ἀεργὸς
988 4384 1074 4472 ἀνήρ,
1098 4388 1205 4472 κενεὴν
1229 4383 1277 4448 ἐπὶ
1301 4383 1464 4474 (ργέλπίδα
1488 4391 1609 4471 μίμνων·

573 4503 652 4560 622:
677 4497 730 4557 καί
754 4500 819 4557 τότε
843 4499 950 4579 μηκέτι
974 4504 1051 4579 νηας
1074 4493 1156 4577 ἔχειν
1181 4491 1223 4556 ἐνὶ
1247 4491 1396 4583 (finimur
1420 4498 1523 4576 πόντῳ·

574 4610 653 4667 695;
680 4599 801 4685 Ὡραῖος
825 4601 857 4663 δέ
881 4611 1010 4680 γυναῖκα
1033 4602 1098 4663 τεὸν
1122 4602 1188 4662 ποτὶ
1212 4596 1346 4689 (fficiam
1370 4598 1513 4679 ἄγεσθαι·

576 4712 654 4774 773ι
680 4707 761 4793 ἔξοχ’
786 4706 959 4793 ἀεξομένοιο
983 4710 1128 4794 βροτησια
1151 4707 1278 4799 (γ’)ἔργα
1300 4703 1457 4770 πένεσθαι·

575 4821 653 4879 792:
680 4811 786 4877 Εἱκάδι
810 4814 837 4878 δ’
862 4813 893 4878 ἐν
917 4816 1046 4900 μεγάλη,
1071 4815 1153 4897 πλέῳ
1175 4814 1279 4901 ἤματι,
1304 4812 1462 4906 (ξλῖστοροι
1485 4824 1578 4902 φῶτα·
1653 4813 1655 4817 ’

395 4923 405 4959 ¹
428 4921 553 4987 Praeter
585 4928 637 4986 hos
662 4929 740 4987 locos
764 4934 871 5004 quater
894 4933 1012 4988 tantum
1036 4948 1100 4990 eam
1124 4928 1231 5001 inveni,
1257 4929 1311 4988 Th.
1337 4928 1410 5002 887,
1436 4929 1483 4991 Sc.
1510 4930 1560 5007 19,
1588 4931 1659 5005 185,
1685 4930 1739 5013 Ορ.
1767 4931 1849 5005 74ος
1875 4925 1936 5021 ἠδέ

282 5035 423 5100 annotavi
447 5035 751 5113 duodequinquugies.
1195 5031 1197 5035 ’
