4464 6082
289 278 362 352 150
757 378 760 383 .
823 306 1321 364 Jon.eau100n2stueanar0eea.
1357 307 1378 361 1.
1432 318 1435 324 ·

283 492 406 566 iudico
442 492 488 565 de
516 491 583 564 Th.
613 515 648 565 v.
665 492 768 583 050.
825 493 904 582 Quo
934 494 972 565 in
1003 516 1113 567 versu
1141 492 1384 566 Hermannus
1411 491 1613 586 proposuit
1640 483 1837 562 Πανόπεια
1864 512 1932 584 pro
2008 538 2011 544 -

283 626 453 699 codicum
480 627 677 720 scriptura,
708 650 803 722 quae
832 630 891 702 est
918 620 1086 724 Πανόπη,
1114 651 1192 701 non
1221 629 1369 720 inepte:

635 754 751 857 Δωρὶς
778 758 840 832 καὶ
869 755 1079 837 Πανόπεια
1105 759 1168 833 καί
1196 754 1343 857 εὐειδὴς
1372 753 1578 831 Γαλάτεια

282 892 334 967 ht
361 895 486 968 nescio
516 917 563 966 an
593 896 816 968 retinendus
843 897 894 968 sit
922 918 1051 970 versus
1080 881 1240 990 integer,
1271 898 1312 968 et
1338 895 1410 969 hoc
1437 894 1551 967 modo
1581 893 1781 988 legendus:

633 1001 749 1126 eope
776 1027 838 1101 ani
866 1024 1022 1126 Πανόπη
1051 1027 1113 1101 καί
1142 1022 1350 1131 ibfflerdbc
1378 1021 1574 1100 Γαλάτεια.

283 1161 418 1236 Confer
446 1158 546 1260 μέγα
572 1161 728 1264 Ῐιάχων,
757 1163 918 1258 aliaque.

1023 1540 1101 1613 One.
1131 1539 1177 1614 X.

546 1747 606 1828 De
636 1745 807 1827 elisione
836 1746 879 1828 et
907 1746 957 1827 de
984 1744 1104 1827 brevi
1131 1744 1267 1826 vocali
1294 1745 1339 1824 in
1365 1743 1487 1825 hiatu
1513 1744 1664 1848 posita.

388 1969 546 2043 Hiatum
588 1971 745 2043 dicimus
787 1993 1010 2044 concursum
1052 1969 1252 2057 vocalium,
1292 1991 1452 2063 quarum
1480 1968 1585 2062 prior
1613 1973 1672 2042 est
1700 1967 1839 2058 finalis,
1867 1992 1930 2063 po·

167 2180 171 2185 ,
204 2083 206 2086 ’
282 2103 420 2176 sterior
461 2105 629 2178 initialis.
686 2104 857 2200 Apparet
897 2107 1028 2179 tamen
1070 2104 1258 2177 vocalium
1300 2124 1501 2176 concursus
1530 2125 1606 2175 non
1635 2124 1768 2176 omnes
1798 2103 1931 2176 eodem

282 2237 395 2310 modo
439 2261 589 2312 versum
631 2239 797 2328 foedare,
841 2242 885 2311 ut
926 2239 990 2311 alii
1033 2239 1152 2332 magis
1184 2237 1278 2311 liciti
1306 2236 1532 2327 habeantur,
1563 2237 1626 2310 elii
1655 2238 1762 2310 omni
1790 2237 1832 2310 vi
1858 2239 1933 2310 sint

184 2390 186 2394 ·
282 2372 464 2445 evitandi.
520 2372 806 2466 Productiones,
849 2397 941 2467 quas
969 2374 1008 2444 in
1037 2372 1206 2445 thesibus
1234 2373 1379 2465 positas
1407 2371 1446 2442 in
1475 2372 1600 2465 capite
1628 2371 1807 2465 proximo
1835 2374 1932 2444 trac·

282 2506 459 2594 tavimus,
502 2529 579 2579 non
621 2507 825 2580 admodum
854 2507 1053 2580 offendisse
1089 2506 1212 2579 elucet
1247 2528 1292 2587 ex
1322 2528 1367 2578 ea
1395 2527 1448 2593 re,
1478 2505 1578 2599 quod
1607 2506 1727 2600 magis
1754 2504 1932 2600 frequen·

281 2641 415 2712 tantur
443 2664 556 2733 quam
583 2646 627 2715 ut
655 2642 808 2716 credere
835 2642 949 2715 liceat
978 2664 1040 2714 eas
1070 2641 1194 2714 versui
1222 2641 1403 2712 damnum
1430 2640 1615 2712 attulisse.
1671 2639 1797 2713 Facile
1817 2640 1933 2712 etiam

281 2773 520 2868 intellegitur
547 2797 740 2849 caesuram
768 2775 1071 2849 intercedentem
1104 2796 1180 2846 non
1200 2774 1294 2846 nihil
1314 2774 1531 2847 offensionis
1551 2773 1770 2867 dempsisse.
1826 2773 1935 2848 Nunc

256 2928 259 2935 ·
281 2909 556 2981 transeundum
585 2913 644 2984 est
671 2909 719 2982 ad
747 2932 871 2998 veros,
901 2931 995 3003 quos
1023 2909 1105 2982 dico
1135 2908 1272 2996 hiatus,
1301 2909 1315 2979 i
1341 2930 1373 2981 e.
1394 2908 1514 3002 magis
1533 2906 1698 2994 illicitos,
1719 2907 1798 3002 qui,
1820 2930 1933 3002 quum

283 3040 377 3114 fiant
404 3043 443 3114 in
472 3043 517 3115 iis
546 3066 675 3117 versus
703 3044 865 3132 sedibus,
895 3065 990 3137 quae
1020 3042 1175 3116 omnino
1204 3042 1392 3114 minorem
1419 3042 1641 3115 incisionem
1661 3041 1765 3114 inter
1784 3042 1934 3116 vocales

282 3176 557 3266 intermittunt,
588 3179 707 3271 magis
736 3178 944 3251 offendunt.
1363 3154 1370 3167 ⁶

320 3414 324 3419 Ι
388 3309 462 3383 Sed
504 3315 631 3383 utrum
674 3313 794 3406 magis
835 3335 884 3384 an
912 3311 1036 3384 minus
1064 3310 1188 3383 illiciti
1216 3309 1294 3382 sint
1321 3309 1460 3397 hiatus,
1489 3310 1633 3404 pendet
1659 3333 1738 3382 non
1768 3313 1935 3386 modoe

281 3442 444 3532 sedibus,
487 3468 579 3537 quas
614 3449 814 3540 occupant,
843 3445 909 3519 sed
938 3446 1055 3518 etiam
1085 3466 1105 3517 e
1134 3446 1274 3515 natura
1302 3444 1490 3516 vocalium
1518 3445 1843 3535 concurrentium,
1874 3446 1934 3520 vel

281 3579 409 3670 potius
452 3579 592 3651 vocalis
626 3579 760 3668 finalis,
791 3570 905 3672 quum
935 3579 997 3651 vix
1026 3579 1249 3672 excipientis
1278 3578 1418 3650 vocalis
1447 3582 1586 3649 natura
1612 3577 1729 3669 ullam
1758 3579 1842 3651 vim
1869 3578 1934 3652 ha-

282 3710 382 3784 beat.
440 3712 518 3798 Quo
548 3713 649 3787 enim
678 3713 846 3786 firmiore
874 3716 1012 3785 natura
1039 3713 1105 3785 illa
1133 3717 1192 3787 est
1219 3714 1371 3800 vocalis,
1393 3714 1583 3786 eominus
1612 3712 1772 3785 offendit
1792 3713 1933 3788 hiatus.

282 3844 486 3919 Firmiores
514 3847 616 3919 enim
632 3847 795 3931 ¹vocales
823 3848 943 3942 magis
978 3847 1134 3920 obstant
1163 3846 1329 3935 elisioni;
1359 3846 1459 3920 unde
1488 3847 1614 3935 litut,
1643 3868 1717 3940 quo
1748 3846 1937 3922 difficilius

283 3979 423 4053 vocalis
464 3980 587 4053 finalis
631 3981 827 4053 elisionem
865 3982 1023 4075 patitur,
1053 4003 1098 4053 eo
1128 3980 1312 4053 difficilius
1339 3982 1390 4053 sit
1418 3982 1565 4054 evitare
1592 3980 1754 4053 hiatum.
1813 3982 1937 4068 Quare

283 4113 364 4186 iure
406 4115 646 4188 concursibus
690 4115 888 4203 vocalium,
924 4138 1084 4209 quarum
1113 4115 1218 4208 prior
1247 4115 1444 4188 elisionem
1472 4114 1617 4202 abnuit,
1647 4084 1938 4191 excusationem

283 4247 447 4342 aliquam
475 4248 689 4322 tribuimus.

390 4382 491 4467 Quae
520 4406 635 4477 quum
662 4384 720 4455 ita
742 4384 830 4472 sint,
850 4386 1056 4478 antequam
1074 4383 1201 4455 hiatus
1221 4382 1395 4476 exempla
1414 4384 1652 4470 annotemus,
1674 4385 1940 4476 quaerendum

283 4519 354 4603 est,
383 4539 475 4609 quas
504 4517 653 4590 vocales
682 4517 837 4591 elisione
865 4539 1106 4590 summovere
1134 4517 1259 4590 liceat.

390 4649 415 4719 ἁ
459 4651 597 4723 vocalis
640 4651 810 4725 eliditur:
854 4650 901 4741 A)
944 4652 983 4722 in
1024 4652 1222 4724 nominum
1266 4651 1518 4724 declinatione
1547 4651 1690 4724 centies
1717 4654 1944 4750 septuagies

283 4787 420 4877 quater
439 4779 463 4856 ¹.
1805 4794 1809 4801 ’

396 4958 406 4995 ¹
430 4962 459 5033 a)
483 4964 513 5022 in
536 4965 631 5040 primo
655 4983 726 5023 casu
750 4965 818 5023 fem.
843 4984 928 5042 gen:
954 4955 1034 5020 Γαῖα
1057 4965 1112 5023 Th.
1140 4963 1212 5034 117,
1235 4956 1286 5018 δῖα
1302 4964 1352 5022 Fr.
1371 4964 1423 5035 42,
1441 4956 1597 5042 δμηθεῖσα
1613 4961 1669 5023 Th.
1689 4960 1792 5041 1000,
1816 4956 1949 5026 εἰποῦσα

234 5069 239 5075 ’
283 5070 328 5137 So.
355 5072 429 5143 338,
454 5062 570 5157 ἔχουσα
593 5071 640 5131 Sc.
666 5071 740 5144 199,
764 5066 959 5148 θαρσίινοααα
982 5071 1029 5138 So.
1054 5072 1117 5132 326
1142 5066 1351 5157 (θαρσὺνουσα
1373 5063 1513 5152 staff),
1532 5058 1649 5181 ,ἰδοῦσα
1664 5068 1713 5138 So.
1732 5072 1803 5135 445
1822 5064 1949 5156 (ἰδοῦσα
