4464 6082
226 1462 338 1589 Hac
379 1513 599 1588 Studiorum
637 1513 913 1589 Hesiodeorum
947 1518 1058 1608 parte
1092 1514 1169 1586 iam
1204 1513 1336 1587 formis
1372 1514 1574 1608 descripta,
1610 1514 1650 1585 in
1684 1514 1874 1608 publicum

229 1648 455 1742 prodierunt
490 1647 776 1720 dissertationes
813 1648 920 1735 duae,
950 1670 1046 1740 quae
1074 1647 1122 1719 ad
1150 1669 1232 1719 rem
1261 1670 1374 1740 quam
1402 1648 1567 1720 tractavi
1595 1648 1760 1721 maxime
1789 1672 1875 1741 per-

228 1781 366 1854 tinent.
422 1780 588 1865 Quarum
630 1780 940 1853 dissertationum
982 1780 1106 1853 altera
1134 1779 1377 1852 Theocritum
1397 1776 1422 1868 ¹,
1458 1781 1581 1853 altem
1607 1780 1769 1876 hymnos
1798 1782 1875 1854 Ho-

229 1908 421 1987 mericos²
451 1913 584 1986 eadem
612 1913 691 1986 fere
719 1915 881 2003 ratione,
912 1937 986 2007 qua
1013 1935 1083 2009 ego
1103 1914 1272 1986 carmina
1290 1913 1490 2001 Hesiodea,
1512 1914 1551 1985 in
1571 1936 1729 1986 examen
1748 1918 1873 1988 vocat.

231 2046 336 2131 Quod
365 2049 495 2119 autem
522 2047 615 2119 haec
650 2046 870 2119 Studiorum
898 2048 1090 2141 persiam
1118 2048 1221 2141 typis
1250 2047 1439 2141 descripta
1467 2050 1562 2135 erat,
1593 2071 1708 2141 quum
1736 2048 1875 2140 publici

230 2180 321 2251 iuris
354 2179 478 2252 factae
519 2182 619 2267 sunt,
656 2181 781 2253 effecit
821 2184 866 2252 ut
893 2203 1017 2273 neque
1045 2180 1093 2253 ad
1122 2202 1167 2253 ea
1195 2180 1433 2270 stabilienda,
1463 2204 1559 2275 quae
1587 2204 1673 2255 cum
1700 2183 1746 2255 iis
1774 2205 1875 2255 corn·

229 2313 359 2384 munia
385 2312 579 2400 haberem,
609 2335 671 2386 eas
700 2314 888 2402 afferrem,
916 2334 1040 2407 neque
1069 2314 1306 2403 dissererem,
1337 2336 1432 2408 quae
1461 2318 1561 2388 esset
1589 2337 1712 2404 causa,
1741 2317 1771 2388 si
1801 2340 1874 2409 quo

230 2446 312 2519 loco
342 2446 389 2518 ab
417 2446 462 2517 iis
491 2446 749 2520 abhorrerem.

341 2726 353 2763 ¹
376 2726 425 2791 Dc
450 2726 604 2790 Ureocriti
626 2748 717 2790 versu
738 2726 867 2791 heroico.
908 2726 1042 2812 Scripsit
1058 2724 1193 2793 Carolus
1209 2728 1328 2792 Kana.
1364 2732 1605 2805 (Dissertationes
1621 2735 1789 2811 philologus
1805 2735 1876 2793 Vin-

231 2839 422 2898 doboneuses.
469 2839 589 2898 Volum.
613 2839 638 2897 I.
685 2838 803 2915 Lipsiae
827 2842 857 2897 et
879 2839 1005 2916 Pragae.
1051 2838 1377 2911 MDCCCLXXXVII).
1416 2842 1460 2899 De
1475 2842 1565 2900 huius
1582 2841 1796 2900 dissertationis
1813 2844 1876 2900 lau-

230 2946 316 3005 dibus
340 2946 413 3021 qnid
436 2964 594 3015 censerem,
618 2947 733 3005 ostendi
756 2946 787 3004 in
810 2946 966 3005 annalibus
990 2966 1066 3022 quae
1089 2950 1235 3007 vocantur
1258 2946 1389 3007 Nordisk
1412 2948 1559 3007 Tidslm'ft
1581 2948 1629 3008 for
1645 2948 1783 3025 Filologi.
1823 2948 1873 3023 Ny

231 3053 352 3111 Ranae.
397 3052 467 3123 VH,
492 3054 523 3123 4,
546 3072 637 3130 pagg.
663 3052 848 3111 315—319.

341 3152 544 3218 8Eberhard:
576 3153 743 3217 Metriscbe
765 3152 1024 3239 Bcobaclrtuuqcn
1047 3176 1088 3217 zu
1111 3154 1170 3218 deu
1193 3154 1414 3219 Homeriscbcn
1436 3155 1593 3240 Hymnen.
1629 3154 1676 3220 II.
1713 3160 1776 3233 (Ch
1799 3162 1878 3219 infra

230 3285 300 3342 pag.
326 3266 355 3331 3,
380 3286 409 3325 n.
437 3264 478 3337 1.)
524 3266 711 3344 Magdcburg
737 3264 832 3325 1887.
