4516 6098
606 327 611 338 ·
722 304 786 380 Cap.
807 306 852 365 VI.
890 310 930 365 lle
950 305 1079 366 brevibus
1099 307 1215 381 syllabis
1235 304 1365 366 finalibus
1384 304 1533 382 productis.
1880 279 1949 359 iiii

407 493 592 569 Statnunt
634 496 705 568 viri
747 497 861 586 (loeti,
904 498 966 590 qui
1009 498 1055 570 de
1097 497 1233 569 horum
1278 497 1552 570 infinitivorum
1581 499 1772 571 formandi
1801 501 1951 572 ratione

301 620 622 724 disputaverunt,
649 653 713 703 eos
754 632 792 702 in
836 634 1046 704 carminum
1090 632 1378 704 Homericornm
1421 633 1543 725 prisca
1585 635 1773 726 scriptura
1815 637 1852 704 in
1891 653 1950 705 -εν

301 758 494 853 (ΕΛΕΕΝ)
524 766 689 853 desiisse,
719 767 817 838 unde
846 762 928 845 τοὺς
957 758 1389 872 μετοιχοιραιιτηρίζοντοις
1419 766 1549 839 iecisse
1578 787 1651 836 -ειν
1677 759 1840 855 (ἑλέειν),
1866 768 1952 861 ,qui

301 922 369 972 nec
399 900 587 971 rationem
615 900 761 972 formae
791 923 919 973 veram
949 900 1230 994 intellegerent,
1261 903 1300 972 et
1329 896 1550 972 vetustioris
1579 901 1773 994 alphabeti
1801 901 1950 994 signnm

302 1035 400 1126 quod
430 1037 529 1106 esset
561 1028 587 1102 l]
616 1035 675 1106 vel
705 1058 774 1128 per
801 1035 959 1128 simplex
993 1029 1018 1103 ll
1049 1035 1105 1106 vel
1138 1057 1205 1127 per
1229 1028 1269 1129 El
1294 1035 1454 1106 reddere
1473 1037 1649 1127 possent“
1671 1031 1695 1107 ¹.
1752 1036 1832 1120 Quo
1853 1039 1949 1107 tem'-

302 1191 394 1261 pore
437 1169 630 1240 conditum
674 1170 724 1240 sit
765 1171 834 1250 Sc,
871 1169 992 1240 adhuc
1021 1193 1098 1241 non
1127 1170 1369 1262 exploratam
1399 1174 1475 1255 est;
1506 1170 1571 1240 sed
1600 1170 1680 1241 sive
1710 1170 1841 1261 inagis,
1871 1169 1951 1240 sive

303 1302 426 1373 minus
467 1325 586 1395 prope
622 1303 670 1373 ad
698 1303 911 1375 Atticarum
941 1302 1157 1375 litterarum
1187 1306 1355 1377 astartem
1385 1303 1454 1375 hoc
1483 1325 1635 1375 carmen
1665 1303 1843 1374 accedere
1872 1325 1950 1375 cre-

303 1436 436 1524 dimus,
480 1437 542 1508 vix
585 1437 790 1529 quidquam
832 1436 971 1523 obstat,
1016 1437 1216 1528 quominus
1244 1437 1319 1507 iam
1349 1440 1432 1508 tum
1460 1437 1602 1508 ibrmas
1632 1436 1853 1509 Homericae
1881 1437 1952 1508 sibi

302 1570 545 1663 assumpsisse
574 1571 717 1642 exitum
746 1589 819 1639 -ειν
847 1574 1077 1656 statuamus;
1110 1574 1152 1642 ut
1179 1570 1217 1640 hi
1248 1570 1426 1642 infinitivi
1455 1571 1493 1642 in
1520 1569 1575 1643 Sc.
1596 1571 1799 1642 imitentur
1819 1571 1952 1642 falsam

302 1703 544 1776 Homericam
581 1704 754 1786 termam.
811 1703 948 1776 Nescio
984 1729 1032 1776 an
1062 1727 1107 1776 ex
1135 1705 1193 1776 his
1221 1705 1311 1797 ipsis
1340 1705 1471 1776 formis
1500 1704 1724 1777 concludere
1752 1704 1865 1778 liccat
1894 1705 1950 1778 Sc.

302 1839 678 1911 carmcnconditum
707 1860 799 1926 esse,
830 1862 945 1931 quum
974 1841 1057 1943 iam¹
1080 1840 1207 1932 lingua
1235 1839 1438 1910 Homerica
1471 1839 1806 1911 transcribentium
1832 1862 1950 1932 opera

302 1972 473 2059 eandem,
504 1995 617 2064 quam
646 1971 758 2045 hodie
786 1976 943 2044 servant
972 1973 1057 2043 libri
1086 1973 1371 2066 manuscripti,
1402 1974 1564 2044 formam
1593 1975 1706 2046 nacta
1735 1977 1845 2046 esset.

408 2106 512 2179 Licet
553 2107 670 2200 igitur
712 2106 909 2189 dubitare,
942 2131 1032 2177 num
1060 2106 1116 2179 Se.
1147 2130 1207 2178 vv.
1240 2107 1327 2194 231,
1360 2107 1447 2195 252,
1480 2090 1567 2195 304,
1599 2110 1673 2180 337
1704 2110 1951 2203 comprehen-

302 2240 442 2312 dantur
471 2240 801 2352 eorurnpiocorum
830 2264 1002 2328 numero,
1033 2241 1096 2333 qui
1124 2241 1280 2313 brevem
1308 2241 1492 2335 syllabam
1523 2243 1560 2312 in
1588 2265 1793 2337 consonam
1815 2266 1952 2315 exeun-

303 2378 382 2446 tem
412 2396 534 2467 neque
563 2359 753 2467 positione
782 2375 1006 2467 productam
1036 2375 1074 2444 in
1104 2374 1202 2446 thesi
1232 2374 1422 2447 collocant
1439 2370 1464 2447 2.

408 2528 490 2593 -ιν,
519 2528 593 2588 -ις.
650 2508 796 2594 Hartel‚
832 2507 861 2596 Ι,
892 2532 976 2603 purg.
1009 2509 1098 2595 iis,
1128 2509 1297 2580 ostendit
1324 2509 1392 2580 has
1421 2510 1713 2582 terminationes
1737 2511 1785 2581 ab
1805 2510 1951 2602 origine

302 2642 415 2736 longa
431 2643 647 2735 quantitate
662 2665 747 2714 usas
763 2665 855 2731 esse,
872 2666 998 2736 quam,
1014 2643 1168 2736 syllabis
1183 2642 1251 2714 sub
1266 2643 1343 2714 ictu
1359 2643 1493 2737 positis
1506 2638 1533 2730 3,
1555 2644 1747 2715 interdum
1763 2643 1956 2736 patefieri.¹

303 2777 485 2870 Exempla
513 2776 702 2848 Hesiodea
729 2777 896 2871 syllabae
925 2797 989 2846 -ιν
1025 2778 1064 2847 in
1094 2777 1192 2849 thesi
1230 2781 1320 2848 ante
1350 2777 1518 2849 vocalem
1549 2779 1695 2870 positae
1725 2777 1816 2850 haec
1845 2783 1951 2850 sunt:

497 2910 564 2980 'ila
597 2911 690 2981 334:
720 2907 867 3002 yeivam
896 2904 1010 2981 δεινὸν
1040 2906 1118 3005 ὅφιν
1135 2905 1161 2993 4,
1191 2905 1230 2990 ὃς
1260 2903 1421 3007 ἐρεμνῆς
1448 2906 1606 2981 νεὺθεει
1634 2908 1756 3006 νοτίης·

597 3045 689 3116 ὀθ3ῑ
721 3039 758 3113 οἵ
781 3037 813 3113 οἱ
841 3038 1105 3140 ἀπεμνήσαντο
1133 3039 1270 3140 χάρινῧ
1300 3037 1561 3140 ἐϋεργεειάων.

634 3171 747 3206 -..Ἴ

414 3246 573 3319 ¹Renner‚
610 3251 629 3308 l.
665 3250 685 3308 l.
722 3270 790 3326 pag.
828 3251 885 3321 353
923 3248 1053 3319 Curtius,
1090 3250 1233 3324 Verbum,
1259 3250 1297 3320 ΙΙ,
1323 3270 1392 3327 pag.
1420 3250 1498 3320 1293
1524 3251 1631 3321 Rraeh,
1658 3245 1725 3308 Der
1752 3245 1877 3308 Diolelrt
1901 3244 1955 3308 des

303 3352 459 3417 Hesiodus
492 3351 706 3433 (Besonderer
741 3351 839 3414 rihdr.
875 3373 934 3415 oris
969 3353 998 3415 d.
1035 3351 1141 3415 selden
1174 3352 1405 3436 Suppara-bele
1427 3352 1482 3414 der
1506 3350 1622 3415 Jahrb:
1644 3352 1669 3433 s.
1695 3353 1785 3415 class.
1812 3353 1953 3432 Philet),

234 3437 236 3442 -
303 3460 442 3545 Leipziq,
470 3462 565 3540 1876,
589 3486 658 3541 pag.
684 3465 758 3523 441.

412 3567 424 3605 ²
448 3573 488 3644 Ni
512 3573 607 3640 fallor,
633 3590 693 3647 quo
717 3572 780 3630 iure
804 3571 904 3643 Scuta,
930 3573 1032 3630 eodem
1056 3573 1214 3647 Apollonio
1230 3572 1345 3631 Rhodio
1362 3573 1538 3631 tribuuntur
1555 3575 1667 3630 ibrmae
1685 3573 1714 3630 in
1731 3588 1778 3628 -εν
1795 3577 1953 3643 exeuntem

303 3701 483 3757 quamquam
520 3680 566 3738 hie
590 3682 677 3755 poeta
702 3679 790 3736 etiam
815 3679 887 3736 alias
912 3698 997 3737 voces
1022 3679 1103 3736 exitu
1127 3695 1187 3734 -ειν
1211 3699 1265 3754 pro
1289 3694 1337 3734 -εν
1362 3675 1536 3738 instruxisse
1561 3680 1689 3746 videtur,
1715 3685 1750 3736 ut
1773 3677 1886 3735 σκιόειν
1911 3680 1950 3747 ΙΙ,

302 3790 376 3857 404,
413 3780 569 3862 δακροοειν
605 3786 657 3855 IV,
686 3786 779 3844 1291.
825 3785 870 3843 Ex
893 3786 1079 3860 undeviginti
1104 3787 1181 3843 enim
1205 3786 1366 3855 infinitivis,
1392 3787 1443 3861 qni
1467 3788 1524 3844 huc
1548 3787 1708 3862 pertinent,
1733 3787 1864 3861 qumque
1889 3790 1951 3844 tan-

302 3898 366 3954 tum
402 3899 469 3952 ante
504 3895 620 3953 vocales
655 3893 830 3969 excipientes
866 3894 936 3968 poni
971 3894 1056 3951 docet
1091 3893 1153 3962 lta,
1180 3887 1356 3951 (irerrimat.
1382 3888 1512 3952 Studien
1536 3910 1576 3950 ειι
1602 3888 1782 3970 Apollonios
1806 3887 1952 3950 lileodios.

310 3995 399 4061 Wien
424 3998 518 4060 1878.
543 4021 611 4077 pag.
640 3987 724 4057 138.'
758 4000 1064 4058 Animadvertendum
1096 4005 1140 4057 est
1164 4001 1324 4059 lizachium
1349 4001 1377 4058 in
1402 4000 1528 4059 editione
1552 4020 1606 4057 sua
1631 4000 1794 4058 carminum
1820 4000 1952 4057 Homeri·

303 4129 404 4169 corum
428 4110 538 4168 formas
563 4109 591 4166 in
615 4123 675 4162 -ειν
701 4111 840 4165 exeuntes
864 4107 1018 4166 excudere.
1066 4106 1113 4176 (li.
1139 4107 1191 4176 IV,
1218 4108 1292 4177 263,
1317 4109 1352 4171 X,
1379 4107 1466 4178 368).

410 4211 491 4272 8-ιν
526 4217 569 4273 bis
605 4217 725 4290 longam
760 4221 899 4289 quartam
932 4214 1012 4272 'arsin
1044 4219 1113 4271 ante
1137 4215 1268 4272 vocalem
1292 4219 1428 4290 occupat,
1455 4214 1489 4272 ll.
1514 4214 1550 4281 X,
1577 4215 1650 4282 292,
1676 4198 1811 4283 barli,
1837 4214 1899 4271 382
1924 4213 1954 4270 in

301 4321 405 4385 eodem
429 4343 533 4382 versu:
715 4317 762 4377 οοὶ
786 4313 813 4376 δ’
838 4311 876 4376 αὖ
901 4311 959 4392 ἐγὼ
984 4309 1059 4395 ῥέξω
1083 4315 1152 4394 βοῦν
1176 4311 1240 4398 ipa
1265 4309 1482 4398 εὐρυμέτωπον·
1531 4313 1638 4399 (ipim)

302 4433 391 4491 semel
414 4446 469 4496 -ις,
494 4431 529 4488 ΙΙ.
554 4430 606 4500 xi,
632 4431 689 4488 36:
715 4431 750 4505 tp
775 4421 801 4482 δ’
827 4419 875 4483 ἐπὶ
899 4425 953 4504 μὲν
978 4418 1082 4502 Γοργὼ
1106 4422 1295 4503 βλοοοριῐνπις
1320 4418 1505 4506 ἐστεφάνωτο
1531 4422 1779 4502 (βλοοινρώπιςῖ).

412 4533 516 4597 ⁴Non
551 4538 638 4596 licere
671 4537 817 4611 syllabam
841 4535 958 4594 finalem
980 4535 1158 4610 productam
1182 4535 1261 4593 vocis
1286 4525 1351 4614 ὄφιν
1376 4536 1521 4610 explicare
1546 4554 1560 4591 e
1585 4554 1712 4593 consona
1736 4534 1852 4603 initiali,
1878 4554 1954 4608 quae
1994 4514 1996 4518 ⁵

302 4647 451 4722 qnondam
475 4645 542 4714 fuit,
568 4644 648 4703 vocis
671 4634 705 4706 b<
730 4644 857 4733 vidimus
879 4663 948 4719 pag.
977 4642 1048 4700 109.

412 4748 425 4784 ⁶
449 4749 539 4830 χάριν
562 4753 652 4810 semel
676 4752 755 4827 apud
779 4751 943 4809 Homerum
966 4750 1084 4808 finalem
1107 4749 1252 4824 syllabam
1276 4749 1305 4806 in
1329 4749 1372 4807 iv
1397 4749 1471 4807 thesi
1496 4753 1564 4806 ante
1588 4749 1720 4807 vocalem
1745 4748 1879 4815 collocat,

645 4859 680 4929 Il,
706 4859 742 4928 V,
769 4858 849 4915 aii:
874 4847 1017 4934 ἀλλήλων
1042 4844 1145 4934 ἰότητι,
1170 4853 1260 4932 χάριν
1285 4847 1425 4930 ἄνδρεσσι
1450 4853 1600 4935 φέροντες.

302 4967 362 5027 Ubi
374 4971 473 5025 tamen
490 4967 612 5042 quidam
625 4967 753 5024 editores
766 4963 856 5035 (inter
872 4983 945 5039 quos
962 4962 1038 5032 aa),
1056 4962 1264 5021 Aristarchum
1280 4966 1310 5020 et
1326 4962 1460 5020 meliores
1478 4963 1591 5020 codices
1603 4965 1770 5037 sequentes,
1785 4964 1852 5036 post
1865 4957 1955 5037 χάριν

302 5075 438 5134 inserunt
463 5065 505 5141 δ’;
532 5074 612 5149 quod
636 5073 733 5133 neseio
757 5093 793 5130 an
815 5072 855 5130 sit
870 5071 1038 5147 legendum.
1075 5069 1129 5145 Op.
1149 5071 1188 5128 65
1206 5067 1296 5146 χάριν
1313 5069 1402 5134 eiiieit
1417 5069 1514 5145 primi,
1534 5069 1595 5127 709
1619 5069 1718 5144 quarti
1737 5068 1847 5143 dactyli
1864 5068 1953 5126 arsin.

343 5185 348 5192 ⁸
408 5193 502 5250 Lunds
520 5191 602 5246 Univ.
622 5174 730 5244 zirsskr.
767 5190 844 5244 Tem.
864 5189 962 5242 XXlil.
1197 5193 1201 5201 '
1813 5187 1846 5240 15
