4464 6082
291 258 339 333 62
480 281 488 306 ’
534 336 537 340 s
836 289 899 345 sou.
919 289 1053 345 Paulson:
1072 289 1172 345 stude
1191 289 1335 363 arsisses.
1372 291 1393 345 1.

286 448 474 548 obnoxiae
502 478 591 548 sunt
624 521 682 564 -,
707 468 872 571 Ὄθρυος
900 475 967 548 Th.
1000 476 1088 564 632,
1119 471 1275 572 βότρυας
1304 477 1359 550 Sc.
1392 476 1466 548 294
1497 475 1600 564 (vide
1628 498 1714 572 pag.
1748 476 1791 548 61
1828 499 1868 549 n.
1904 476 1948 564 2;

288 611 336 682 de
365 602 527 706 ἐτρόηων
556 609 612 683 Sc.
641 610 714 682 292
737 610 824 682 vide
853 611 979 700 infra),
1010 611 1150 700 omnia,
1181 634 1276 705 quae
1305 611 1414 685 nobis
1443 614 1645 685 occurrunt
1674 634 1789 706 quum
1810 612 1851 683 in
1873 610 1947 684 Th.

286 748 326 816 et
355 743 420 837 Op.
451 748 534 816 tum
558 745 598 815 in
618 744 674 817 Sc.
696 745 882 840 exempla,
903 746 1133 839 corripiendi
1150 746 1333 819 facultate
1353 770 1430 836 usa,
1452 747 1651 819 metricam
1670 746 1947 819 necessitatem
2062 722 2065 726 ⁵

284 879 401 972 sequi.
458 879 580 964 Quum
608 879 726 972 igitur
754 884 905 973 poetae,
936 884 1120 973 (quantum
1146 884 1368 974 potuerunt,
1390 880 1672 973 correptionem
1692 880 1945 969 evitaverint,

263 1021 305 1084 'e
333 1013 656 1107 frequentioribus
694 1013 982 1107 paucioribusve
1015 1015 1125 1086 huius
1153 1015 1302 1108 generis
1330 1015 1514 1107 exemplis
1542 996 1696 1109 prorsus
1724 1014 1820 1086 nihil
1849 1015 1947 1087 licet

284 1146 519 1219 concludere.
576 1146 674 1218 Nam
696 1169 716 1219 e
736 1148 910 1235 materia,
931 1171 1045 1241 quarn
1063 1148 1295 1236 tractabant,
1317 1149 1519 1243 pendebat,
1540 1152 1669 1221 utrum
1690 1150 1770 1222 eius
1790 1148 1945 1222 formae

283 1283 487 1352 uterentur
527 1281 694 1370 uocibus
737 1304 832 1375 quae
868 1282 939 1354 nisi
969 1282 1088 1354 vocali
1119 1288 1297 1375 correpte
1324 1284 1364 1354 in
1391 1287 1557 1356 metrum
1586 1307 1663 1357 non
1692 1283 1945 1377 quadrarent,

165 1459 169 1467 -
283 1434 416 1486 necne:
474 1413 645 1508 Apparet
686 1416 960 1509 frequentiora,
1004 1440 1100 1511 quae
1134 1418 1172 1489 in
1201 1416 1257 1489 Sc.
1288 1421 1453 1504 exstant,
1482 1418 1734 1511 correptionis
1763 1417 1947 1510 exempla

283 1547 485 1621 referenda
513 1570 592 1621 esse
622 1550 669 1621 ad
698 1550 748 1637 id,
778 1548 878 1643 quod
907 1551 955 1623 de
982 1551 1262 1644 Amphitruone
1290 1552 1444 1645 eiusque
1473 1552 1648 1645 privigno
1668 1552 1749 1645 agit
1767 1573 1942 1625 carmen.

283 1674 516 1779 Ἀμριτρόων
545 1684 646 1755 enim
677 1687 803 1756 exstat
831 1685 1042 1779 quinquies
1071 1676 1414 1781 Ἀμφιτρυωνιάδης
1438 1689 1579 1778 quater
1598 1680 1622 1758 ¹.

397 1937 407 1974 ¹
431 1944 521 2020 Apud
544 1943 708 2004 Homerum
732 1964 828 2021 pauca
844 1949 962 2005 exstant
977 1946 1111 2022 exempla
1127 1945 1331 2022 correptionis
1350 1966 1426 2022 quae
1441 1946 1527 2005 licuit
1542 1946 1664 2004 evitare.
1711 1945 1735 2002 Ε
1752 1944 1796 2003 La
1812 1944 1945 2015 Rochio,

284 2042 354 2127 pag.
390 2053 420 2121 6,
446 2051 585 2110 annotavi
610 2052 645 2111 Il.
670 2052 751 2123 XIV,
780 2052 835 2111 78:
867 2046 917 2118 νὺξ
941 2043 1071 2131 &lipidam
1096 2072 1172 2128 quae
1197 2052 1345 2129 correpti0
1369 2054 1494 2112 fortasse
1518 2053 1625 2112 nititur
1648 2053 1698 2111 illa
1723 2053 1942 2128 frequentiore,

283 2178 360 2234 qnae
383 2159 417 2216 fit
441 2162 509 2218 ante
533 2160 657 2218 verbnm
681 2160 804 2236 simplex
829 2155 935 2236 βροτός
958 2158 1037 2229 (vide
1054 2159 1154 2232 infra).
1201 2151 1315 2239 ἀβρότη
1332 2164 1376 2219 est
1393 2149 1472 2225 ἅπαξ
1489 2148 1645 2239 εἰρημένον
1662 2160 1742 2236 apud
1757 2159 1943 2219 Homerum.

283 2264 402 2325 Scilicet
424 2266 521 2325 forma
545 2267 665 2325 inventa
689 2270 743 2337 est,
768 2286 844 2343 quae
868 2286 971 2327 versus
994 2268 1092 2326 sedem
1116 2271 1286 2344 occuparet,
1311 2268 1340 2325 in
1364 2287 1453 2343 quam
1478 2288 1537 2327 non
1560 2269 1723 2344 quadraret
1745 2258 1915 2344 ἄμβροτος.

313 2441 318 2450 ¹
389 2373 481 2432 Aliud
515 2375 682 2450 exemplum
717 2378 762 2434 est
796 2365 963 2463 ἀνδροτῆτα
993 2364 1165 2454 (ἀδροτητοι,
1190 2365 1364 2454 ἁδροτητα),
1389 2395 1465 2451 quae
1489 2395 1546 2435 vox
1570 2378 1667 2434 exstat
1689 2375 1725 2433 Il.
1749 2373 1830 2442 XVI,
1857 2374 1940 2449 857,

283 2479 378 2551 XXII,
415 2482 489 2551 363,
525 2481 555 2539 in
590 2483 692 2541 eadem
727 2484 887 2542 verborum
910 2483 1000 2542 serie:
1026 2480 1133 2561 (ψυχή)
1158 2475 1276 2539 λιποῦς’
1306 2473 1500 2562 ἀ(ν)δροτητα
1523 2479 1576 2539 καὶ
1598 2473 1686 2561 ἥβην,
1710 2485 1741 2541 et
1763 2481 1874 2549 XXIV,
1903 2485 1944 2542 6:

683 2579 863 2666 Πατρόκλου
887 2580 1007 2646 ποθέων
1031 2580 1225 2669 ἀ(ν)όροτητόι
1248 2605 1280 2645 τε
1303 2586 1356 2645 καὶ
1380 2589 1469 2668 με’νος
1491 2578 1539 2668 lp.
1604 2572 1610 2597 ⁸

282 2693 340 2753 Sed
374 2715 450 2770 quae
484 2696 524 2755 sit
558 2716 628 2755 vero
662 2698 750 2763 lectio
790 2717 848 2756 uon
883 2698 955 2781 satis
990 2701 1116 2756 constat.
1163 2697 1208 2755 La
1243 2697 1351 2767 Roohe,
1388 2697 1475 2756 Hom.
1512 2697 1642 2763 Unters,
1678 2717 1747 2773 pag.
1786 2696 1814 2765 7,
1850 2697 1945 2757 docet

284 2791 451 2881 ἀνδροτῆτα
486 2804 674 2863 scribendum
711 2823 773 2863 esse
808 2824 903 2880 neque
938 2805 1146 2863 offendendum
1182 2805 1210 2862 in
1246 2804 1329 2862 brevi
1361 2819 1381 2859 οι
1404 2807 1473 2862 unte
1500 2807 1560 2863 tres
1589 2823 1741 2863 consonae.
1789 2802 1871 2880 (pag.
1905 2793 1942 2866 8:

289 2909 376 2980 ,Man
407 2911 482 2969 lasse
518 2911 638 2970 deshalb
675 2902 853 2991 ἀνδροτῆτα,
890 2913 944 2970 wie
978 2931 1011 2971 so
1046 2913 1183 2971 manches
1215 2912 1332 2982 andere,
1369 2913 1412 2969 als
1447 2910 1646 2987 Singularitas
1679 2912 1719 2969 im
1744 2911 1858 2970 Homer
1881 2915 1944 2972 ste·
2019 2884 2028 2895 ⁸

282 3014 385 3089 hen.“)
431 3019 474 3077 At
504 3018 552 3076 W.
578 3019 699 3091 Clemm,
736 3013 846 3077 Ir'Itein.
883 3014 1029 3078 Minaeum
1065 3013 1216 3092 XXXII,
1252 3038 1342 3095 pagg.
1378 3018 1563 3088 463-474,
1595 3019 1795 3095 adstipulante
1819 3017 1940 3090 Curtio,

284 3124 305 3183 l.
330 3125 350 3183 l.
376 3144 425 3184 n:0
462 3127 536 3196 422,
573 3127 658 3185 docet
692 3127 727 3185 Il.
763 3127 843 3197 XVI,
881 3126 954 3197 857,
991 3127 1086 3195 XXII,
1112 3127 1173 3184 363
1198 3126 1356 3201 legendnm
1380 3145 1441 3183 esse
1466 3118 1596 3180 λιποῦσα
1620 3118 1749 3202 δροτῆτα
1772 3121 1825 3180 καὶ
1847 3115 1941 3204 ἥβην,

282 3230 312 3288 in
348 3234 599 3308 comparationem
634 3253 743 3294 vocans
776 3236 904 3311 glossam
941 3234 1157 3310 Hesychianam
1198 3225 1290 3309 δρὼψ·
1331 3225 1493 3309 ἄνθρωπος
1532 3229 1670 3310 [*νερωψ,
1707 3228 1813 3308 *sponda
1849 3224 1938 3310 δρὼψ

284 3361 325 3385 =
350 3337 507 3418 *νερ-οτης
542 3331 665 3417 (dr-nep),
691 3339 825 3419 *νροτης,
850 3334 983 3420 operas}
1031 3339 1117 3410 Quod
1149 3344 1248 3398 sutem
1277 3339 1385 3409 XXIV,
1416 3341 1433 3397 6
1463 3341 1493 3397 in
1520 3359 1638 3398 versum
1666 3358 1724 3398 non
1752 3339 1832 3397 cadit
1860 3340 1938 3399 haec

200 3448 207 3461 '
284 3446 388 3516 forma,
425 3447 629 3506 difficultatem
666 3448 708 3506 ita
742 3451 918 3518 summovet,
949 3453 984 3506 ut
1008 3448 1113 3506 afferat
1136 3450 1271 3506 constare
1294 3448 1350 3505 hoc
1372 3465 1491 3505 carmen
1514 3447 1686 3522 posterioris
1708 3445 1849 3522 temporis
1874 3465 1941 3505 esse

283 3557 313 3611 et
335 3554 404 3623 iam,
429 3558 499 3613 ante
523 3575 614 3631 quam
637 3556 827 3625 scriberetur,
852 3557 899 3614 vel
922 3555 1022 3631 potius
1046 3558 1114 3612 ante
1139 3573 1229 3629 quam
1250 3554 1498 3612 intersererentur
1513 3572 1562 3611 ru.
1581 3553 1700 3625 6--10,
1717 3553 1938 3628 rhapsodorum

283 3661 390 3720 mendo
425 3662 551 3720 formam
586 3652 753 3741 ἀνδροτῆτα
777 3663 835 3722 illis
857 3663 929 3721 locis
954 3655 1084 3740 δροτητα
1107 3661 1266 3719 extrusisse
1289 3666 1320 3718 et
1342 3661 1409 3719 inde
1432 3661 1557 3737 petitam
1582 3678 1654 3719 esse.
1701 3659 1854 3736 Sagaciter
1878 3661 1936 3720 hoe

283 3768 464 3843 excogitavit
499 3769 548 3826 ille
572 3769 700 3844 quidem,
726 3771 929 3847 fugitantem
954 3789 1022 3827 eum
1047 3787 1149 3827 versus
1173 3771 1282 3844 quarta
1306 3736 1456 3826 trochaice
1480 3784 1603 3825 caesura
1627 3766 1761 3826 foedatos
1784 3766 1826 3825 ita
1850 3767 1938 3828 effici.

283 3873 380 3944 Quare
415 3876 464 3933 vix
500 3876 594 3934 ausim
629 3877 655 3935 ei
690 3877 835 3936 assentiri.
882 3876 1020 3934 Forsitan
1052 3895 1068 3933 e
1097 3875 1300 3943 similitudine,
1336 3895 1426 3950 quam
1461 3875 1585 3949 praebet
1608 3893 1664 3933 vox
1688 3864 1811 3951 ἀβρότη,
1835 3875 1936 3949 legere

282 3981 371 4040 boeot
405 3972 566 4061 ἁδροτητα.
613 3982 691 4041 Nam
720 3988 755 4041 ut
779 3987 877 4059 poeta,
903 4002 994 4058 quum
1020 3981 1074 4041 Od.
1099 3982 1151 4053 XI,
1177 3982 1240 4040 330
1266 3974 1315 4046 νὐΕ
1340 4022 1347 4037 .
1373 4021 1380 4036 .
1407 4027 1414 4040 .
1439 3972 1591 4058 ἄμβροτος
1614 3980 1765 4047 scriberet,
1791 3980 1826 4038 ll.
1852 3982 1935 4054 XIV,

286 4087 336 4158 78,
371 4089 423 4148 ubi
452 4091 523 4149 haec
546 4092 643 4149 lor-ma
667 4110 725 4149 non
748 4091 778 4149 in
802 4094 931 4149 metrum
955 4090 1127 4165 quadraret,
1152 4090 1190 4147 ad
1214 4089 1313 4159 aliam,
1338 4088 1553 4164 correptionem
1577 4108 1654 4164 quae
1678 4092 1843 4164 pateretur,
1867 4108 1937 4148 con-

282 4195 371 4272 fugit,
396 4196 438 4255 ita
462 4198 596 4268 sortasse,
622 4218 715 4274 quum
739 4199 834 4257 lorrna
858 4187 1005 4276 ἀνδροτης
1024 4201 1120 4256 metro
1137 4196 1273 4271 adaptari
1290 4214 1348 4254 non
1363 4199 1472 4271 posset,
1489 4195 1624 4254 breviore
1646 4195 1752 4264 forma,
1769 4210 1784 4250 ν
1800 4195 1936 4268 eiciente,

282 4322 354 4361 usus
389 4308 443 4363 est.
490 4305 615 4364 Formae
651 4297 780 4382 ἄβροτος
814 4309 845 4363 et
879 4295 1010 4384 ἀδροτης
1043 4323 1165 4381 prorsus
1200 4302 1309 4362 similes
1343 4306 1428 4360 sunt:
1459 4292 1633 4380 *ἀ·μροτος,
1660 4293 1872 4381 ἀ-μ-β-ροτος,
1898 4294 1937 4358 ἀ-

284 4403 422 4485 β-ροτος;
447 4401 547 4487 dupe,
572 4402 722 4488 ἀν-δ-ρο-,
747 4402 866 4487 ἀ-δ-ρο.
913 4412 957 4470 De
992 4410 1177 4470 evanescenti
1202 4409 1305 4482 nasali,
1337 4427 1481 4468 consonae
1505 4410 1676 4485 praemissa,
1701 4409 1768 4468 vide
1792 4407 1827 4468 G.
1853 4410 1937 4487 Mey-

283 4536 377 4587 erum,
402 4517 455 4576 Gr.
480 4517 611 4577 Gramm.
636 4520 652 4587 ξ
678 4522 758 4590 294;
784 4519 958 4578 Clenrmium
981 4521 1002 4576 l.
1027 4520 1047 4576 l.
1224 4498 1229 4509 ⁸

390 4624 459 4683 Duo
492 4626 549 4684 loci
583 4626 746 4685 difficillimi
780 4631 811 4684 et
844 4626 971 4684 mirandi
995 4629 1112 4684 exstant
1136 4624 1216 4699 apud
1240 4623 1412 4693 Homerum,
1437 4624 1498 4700 qui,
1524 4610 1606 4683 nirlla
1630 4624 1787 4682 accedente
1809 4606 1938 4707 metrica

283 4731 467 4801 necessItate,
491 4733 620 4808 syllabas
644 4734 675 4791 in
698 4748 753 4809 -κρ
777 4737 917 4793 exeuntes
942 4729 1117 4808 corripiunt,
1160 4742 1162 4745 ’

507 4838 562 4898 Od.
580 4840 699 4910 XVIII,
727 4840 805 4898 173:
830 4832 901 4918 μηδ’
926 4828 1003 4896 οὕτω
1027 4832 1184 4914 δακρβοιοι
1207 4836 1381 4917 πεφυρμένη
1405 4828 1482 4918 ἀμρὶ
1506 4837 1652 4914 πρόσωπα
1680 4872 1713 4880 -

563 4950 593 5004 et
616 4947 696 5015 XIX,
725 4947 801 5005 122:
827 4949 869 5026 ρη
892 4940 926 5003 δὲ
950 4939 1158 5022 δακρυπλώειν
1183 4939 1356 5023 βεβαρηότα
1378 4961 1416 5023 με
1439 4943 1551 5024 ρρόνας
1575 4936 1652 5020 οἴνῳ.

282 5052 433 5118 Mirandos
457 5052 522 5117 dico
545 5054 597 5112 hos
621 5072 733 5124 versus,
757 5054 828 5134 quia
851 5054 881 5111 in
904 5058 1033 5134 utroque
1057 5056 1103 5111 est
1125 5051 1284 5132 correptio,
1308 5053 1344 5113 ab
1369 5051 1491 5116 Homeri
1514 5053 1727 5117 consuetudine
1742 5051 1935 5130 alienissima,
