4464 6082
657 349 722 427 Cap.
742 351 788 404 IV.
826 351 866 405 De
886 351 1024 422 positione
1044 355 1109 408 ante
1128 351 1239 408 iunctae
1258 355 1365 408 mutam
1384 357 1413 409 st
1432 352 1576 423 liquidam.

398 535 437 624 b)
466 535 659 629 Exempla,
689 534 728 608 in
757 538 892 631 quibus
919 538 1073 631 liquida,
1104 561 1200 631 quae
1229 542 1288 611 est
1316 560 1353 634 μ,
1383 496 1523 632 excipit
1552 543 1708 611 mutam.

398 669 523 759 Pauca
549 674 649 742 suut.
705 670 860 742 Nullum
888 694 966 743 nou
995 672 1182 764 producit.

342 856 349 872 .
399 803 465 876 I'h.
494 801 521 899 ἠ
549 824 595 896 γε
624 797 800 901 δμηθεῖσ
833 805 949 894 ,laam
982 800 1100 901 ΙΙηλὲῖ
1128 800 1170 875 δὲ
1198 800 1390 902 δμηθεῖσα
1423 806 1541 894 1006;

397 937 453 1011 Sc.
497 931 570 1009 οὐδ’
600 936 618 1008 ὅ
645 931 680 1032 γ’
710 931 771 1010 ἐπὶ
800 933 927 1036 δμῶας
957 940 1024 1028 39;
1082 940 1149 1034 Op.
1180 933 1323 1010 δείκνυε
1352 934 1394 1009 δὲ
1422 933 1585 1037 δμώεσσι
1616 942 1712 1029 502;

397 1070 456 1145 rr.
496 1066 549 1144 ἐνί
578 1066 761 1170 δμώεσσιν
795 1074 919 1162 1914.

398 1206 531 1301 Neque
559 1208 659 1301 apud
688 1207 898 1280 Homerum
928 1211 1054 1281 exstat
1082 1210 1200 1280 ullum
1229 1209 1482 1302 correptionis
1511 1209 1738 1302 exemplum.

398 1477 432 1563 c)
462 1475 655 1570 Exempla,
686 1477 725 1547 in
754 1476 887 1570 quibus
916 1476 1070 1571 liquida,
1101 1499 1197 1571 quae
1227 1481 1285 1549 est
1312 1496 1342 1561 ν,
1372 1477 1513 1570 excipit
1540 1481 1699 1549 runt-am.

398 1609 465 1682 Hie
494 1609 586 1682 lucis
614 1609 814 1703 productio
845 1609 905 1682 fit:

291 1737 341 1813 δν.
397 1743 464 1816 Th.
494 1764 535 1813 τε
564 1737 743 1840 δνοφερῆς
777 1744 869 1832 107;
898 1739 1143 1839 γλῶσσησῶν)
1172 1738 1368 1841 δνοφερῇσι
1397 1746 1491 1832 826;

397 1877 456 1948 llr.
496 1897 537 1947 τε
566 1871 745 1973 δνοφερῆς
775 1878 864 1950 239.

289 2031 343 2081 κν.
397 2011 452 2084 Sc.
496 2008 579 2108 aspi
606 2011 791 2108 κνήμῃσιν
826 2012 916 2098 lam
973 2012 1032 2084 Fr.
1061 2009 1158 2082 κατὰ
1185 2009 1292 2093 arde:
1322 2014 1423 2099 54‚l.

290 2142 349 2217 θν.
397 2145 464 2218 Th.
494 2138 611 2215 ἰδυῖαν
639 2139 695 2216 ἰδὲ
723 2142 874 2241 θνητῶν
904 2147 999 2234 887;
1029 2153 1140 2243 πῆμα
1167 2144 1336 2242 θνητοῖσι
1365 2147 1460 2235 223;
1492 2144 1625 2243 θαῦμα
1651 2143 1819 2242 θνητοῖσι
1841 2146 1938 2234 500;

493 2277 556 2349 καί
583 2300 647 2349 κεν
677 2277 695 2349 ὅ
722 2300 768 2373 γε
796 2277 966 2376 θνητοῖσι
996 2281 1092 2368 837;
1122 2287 1232 2378 πῆμα
1261 2275 1362 2377 μέγα
1389 2277 1557 2376 θνητοῖσι
1586 2280 1680 2368 871;

397 2414 464 2507 Op.
494 2420 643 2509 φοιτῶσι
670 2411 770 2485 κακὰ
797 2411 966 2510 θνητοῖσι
1000 2415 1091 2502 103;

395 2548 455 2621 Fr.
494 2543 594 2644 φῦλα
622 2544 773 2644 θνητῶν
808 2549 939 2638 raa‚4;
996 2546 1066 2619 ὅσοι
1094 2544 1282 2645 θνητοῖσιν
1316 2548 1441 2634 real.

291 2680 484 2688 ,---.-...-
493 2679 715 2687 -..---—-.—-·.

289 2756 572 2825 dernoustrabimus;
609 2776 702 2831 quare
725 2757 812 2831 plane.
837 2757 968 2832 ineptam
992 2760 1066 2833 puto
1091 2756 1271 2826 bellesmi,
1296 2776 1365 2832 pag.
1394 2755 1443 2825 14,
1470 2755 1500 2813 in
1525 2756 1579 2814 Od.
1605 2756 1669 2825 XX,
1696 2756 1735 2813 92
1761 2756 1939 2815 errremlutio-

289 2842 366 2933 nem,
391 2864 470 2921 intra
493 2863 683 2939 parenthesin
707 2864 905 2939 propositam:
931 2866 985 2942 τῆς
1008 2856 1041 2918 δὲ
1064 2857 1234 2941 κλαιοδσης
1256 2857 1322 2921 κτλ.

396 2969 597 3046 Correption'us
621 2971 797 3046 exemplum,
823 2971 902 3046 quud
926 2971 1051 3047 praebet
1074 2970 1130 3030 Od.
1154 2966 1267 3041 XVIII,
1294 2969 1373 3028 117:

677 3068 719 3140 ὣς
743 3068 791 3153 ἄρ’
816 3069 901 3157 ἔφαν.
925 3080 1032 3155 χαῖρεν
1057 3069 1090 3132 δὲ
1113 3070 1255 3155 κλεηδόνι
1279 3069 1344 3141 δῖος
1367 3068 1543 3140 ’liddensis

290 3186 341 3260 qui
366 3204 468 3244 versus
491 3189 573 3243 totus
598 3185 658 3243 lere
682 3184 809 3244 recurrit
833 3184 886 3243 sld.
911 3186 976 3254 XX,
1005 3185 1083 3244 1‘20:
1109 3176 1150 3248 ὣς
1174 3175 1223 3260 ἄρ’
1249 3177 1317 3264 ἔφη,
1341 3187 1449 3262 χαῖρεν
1473 3177 1507 3239 δὲ
1530 3177 1654 3262 κληδόνι
1678 3178 1755 3249 κτλ,
1781 3186 1869 3243 etiam
1894 3206 1940 3244 ex·

289 3292 470 3352 cusationem
494 3296 594 3367 petere
618 3311 633 3351 e
656 3293 731 3357 locu.
756 3291 785 3350 in
810 3312 870 3367 quo
893 3293 932 3351 sit
954 3293 1095 3369 positum,
1119 3292 1197 3350 infra
1221 3292 1396 3351 videbimus.
1443 3292 1573 3351 (laesura
1589 3292 1664 3350 euim
1682 3292 1772 3350 tertia
1789 3293 1939 3351 trochaica

289 3404 358 3476 post
392 3391 424 3454 δέ
460 3399 619 3457 admodum
653 3398 744 3456 lirum
773 3402 827 3456 est.
874 3399 960 3469 Quod
985 3398 1027 3456 La
1050 3399 1163 3457 Rachia
1187 3399 1306 3458 videtur
1328 3400 1445 3475 placere
1471 3399 1609 3457 iuducere
1633 3400 1769 3471 l'orruam,
1796 3420 1872 3474 quae
1896 3405 1941 3458 est

288 3500 414 3584 κληδόνι
449 3504 540 3575 (unde
575 3506 636 3564 iota
670 3506 872 3582 subscriptum
881 3508 918 3575 θ),
953 3526 988 3563 ea
1022 3505 1189 3564 emendatio
1225 3526 1282 3565 non
1312 3506 1399 3564 moda
1422 3525 1642 3581 supervacanea
1666 3509 1719 3571 est,
1745 3507 1796 3564 sed
1819 3527 1939 3583 prorsus

288 3615 411 3682 vit-iosa3
447 3618 482 3672 ut
516 3613 728 3673 emendationis
763 3613 880 3671 nomine
915 3612 1005 3688 digna
1035 3612 1166 3672 nonsit.
1212 3612 1289 3670 Tum
1313 3612 1390 3669 enim
1414 3612 1537 3687 ponitur
1560 3605 1593 3667 δέ
1617 3613 1645 3670 in
1671 3613 1729 3671 arsi
1754 3613 1835 3671 tertii
1859 3595 1940 3689 pedis

288 3720 421 3798 spondei.
468 3719 532 3789 Quo
567 3721 597 3778 in
631 3721 706 3789 loce,
741 3723 777 3778 nt
812 3739 902 3796 supra
933 3739 1001 3796 pag.
1029 3720 1067 3779 16
1093 3739 1148 3795 ego
1172 3720 1207 3778 de
1231 3719 1369 3783 Hesiodo.
1394 3719 1436 3778 ila
1459 3719 1630 3788 Hoffmann,
1655 3720 1671 3787 ,θ
1696 3721 1725 3786 3,
1751 3720 1785 3778 de
1810 3720 1940 3780 Homero

289 3829 391 3889 docuit
414 3829 489 3887 hauc
513 3828 691 3904 particulam
715 3846 863 3903 nusquam
886 3827 965 3903 poni.

397 3935 490 3993 Simili
514 3935 601 3993 medo
625 3938 715 3999 errat,
740 3954 808 4010 pag.
836 3933 886 4003 15,
911 3935 941 3992 in

611 4040 665 4099 Od.
690 4041 743 4111 IV,
769 4041 849 4098 474:
875 4037 929 4119 σὴν
954 4031 987 4103 ἐς
1010 4032 1128 4116 πατρίδ’
1151 4030 1231 4095 ἵκοιο
1254 4035 1352 4096 πλέων
1377 4032 1425 4096 ἐπὶ
1449 4032 1554 4096 οἴνοπα
1578 4038 1691 4096 πόντον.

584 4151 614 4206 et
637 4148 673 4206 ll.
697 4147 766 4217 Vll,
791 4148 849 4206 88:
874 4137 925 4227 νηῒ
945 4139 1127 4226 πολυκλήϊδι
1152 4141 1249 4202 πλέων
1274 4137 1322 4203 ἐπὶ
1346 4139 1451 4203 οἴνοπα
1475 4145 1590 4202 πόντον·

289 4256 398 4332 quibus
422 4256 450 4314 iu
475 4255 609 4314 versibus
633 4256 735 4313 efferre
759 4256 825 4313 vult
848 4249 947 4311 πλέων
970 4255 1217 4330 monosyllabum.
1266 4253 1321 4312 Sed
1347 4254 1438 4313 violat
1462 4256 1567 4331 legem,
1585 4273 1662 4329 qnae
1678 4258 1760 4312 vetut
1776 4255 1940 4312 lrsxrumdri

289 4363 412 4421 tertium
447 4362 551 4438 pedem
585 4363 748 4438 spondeum
783 4363 862 4419 exire
896 4363 926 4420 iu
956 4361 1101 4437 syllabam
1125 4362 1253 4419 finalem.
1299 4360 1408 4418 Mirum
1434 4380 1503 4419 vero
1527 4365 1581 4429 est,
1607 4360 1687 4436 quod
1710 4361 1802 4419 sciens
1826 4366 1939 4437 peccat.

289 4469 366 4527 Nam
390 4488 458 4545 pag.
484 4469 536 4539 41,
561 4469 613 4528 ubi
637 4469 728 4527 verbu
752 4469 823 4527 facit
847 4470 882 4526 de
906 4487 993 4526 versu
1017 4469 1068 4526 illo
1092 4468 1241 4537 mendoso,
1267 4466 1313 4525 Sc.
1341 4466 1419 4526 199:
1450 4460 1541 4545 ἔφρος
1566 4459 1670 4544 ἔχοντ’
1696 4458 1726 4523 ἐν
1749 4464 1838 4546 χερσὶ
1862 4483 1939 4546 χρο-

290 4574 362 4655 σὲην
385 4591 415 4631 τε
440 4569 633 4656 τροφοίλειαν,
658 4596 725 4635 ωιτη
749 4576 820 4635 dicit
845 4576 1056 4635 exsecrandum
1080 4594 1141 4633 esse
1166 4574 1364 4651 (mythmiscli
1388 4572 1620 4645 absoueulicld).

396 4684 501 4760 Neque
525 4685 605 4759 quod
628 4684 752 4760 syuizesi
775 4683 949 4759 spondeicus
973 4683 1070 4741 reddit
1093 4701 1195 4740 versus
1220 4683 1363 4757 quosdam
1387 4682 1558 4740 incisionem
1578 4681 1754 4757 accipientes
1771 4683 1839 4757 pest
1855 4682 1938 4757 quiu-

289 4763 355 4850 tuni
389 4792 553 4867 spondeum
577 4790 626 4860 (Il.
651 4791 702 4863 IX,
728 4791 803 4863 360,
828 4791 864 4865 X,
890 4791 963 4859 252,
989 4789 1043 4848 Od.
1069 4789 1135 4859 xlr,
1164 4787 1228 4864 70),
1253 4789 1278 4847 si
1303 4789 1456 4848 assentior.
1502 4789 1655 4847 Eiusmodi
1679 4807 1782 4848 versus
1807 4792 1867 4847 tam
1893 4808 1939 4848 su·

289 4902 404 4974 spectos
428 4918 499 4968 esse,
524 4902 559 4956 ut
582 4917 641 4956 non
664 4899 753 4957 liceat
775 4916 877 4956 eorum
901 4916 1059 4955 numerum
1083 4915 1203 4972 augere,
1228 4896 1353 4972 emergit
1376 4917 1391 4953 e
1414 4915 1484 4972 pag.
1510 4896 1550 4953 38
1574 4914 1675 4971 supra.

396 5005 451 5063 Od.
482 5005 579 5074 XVII,
611 5004 671 5062 221
698 5005 821 5063 dubium
845 5007 899 5073 est,
924 4996 1055 5082 πολλησι
1081 4996 1185 5083 φλιησι
1209 5002 1249 5061 sit
1270 5003 1428 5079 legendum
1453 5023 1490 5061 an
1514 4996 1632 5079 πολλῇς
1655 4996 1771 5083 φλιησι.
1819 5002 1940 5061 Codices

289 5111 454 5173 vaccillant.
