4464 6082
287 248 358 321 102
821 246 881 331 ion.
903 278 1030 333 Paulson.
1067 277 1167 332 Studia
1186 276 1329 332 Hesiodea.
1366 276 1386 330 1.

502 463 569 535 Th.
601 462 669 536 49:
700 460 806 533 ὅσσον
835 458 1012 558 φέρτατός
1041 455 1117 533 ἐστι
1145 458 1249 532 θεῶν
1277 455 1406 556 κράτεΐ
1432 480 1474 531 τε
1502 455 1703 555 pstremo&

282 597 476 690 exemplar
502 620 612 668 suum
639 597 779 670 habere
809 598 846 668 in
876 598 1060 690 producto
1091 597 1195 669 exitu
1224 596 1339 667 dandi
1367 618 1473 667 casus
1501 597 1662 688 apparet
1680 594 1951 681 (simillimum

283 733 341 803 est
368 730 410 803 11.
441 730 521 819 VII,
556 731 647 803 142:
678 730 737 801 τὸν
768 726 971 827 Λυκόοργος
1001 723 1139 826 ἔπεφνε
1168 723 1275 822 δόλῳ,
1305 723 1346 799 οὔ
1376 749 1407 798 τι
1434 722 1564 824 κράτεΐ
1590 729 1663 820 γε).

455 864 522 936 111.
555 866 648 937 bob:
679 859 792 961 ἴδμεν,
822 862 839 934 ὃ
868 884 900 934 τι
927 861 1011 960 περὶ
1040 859 1107 960 μὲν
1136 857 1327 959 πραπίδες,
1356 859 1440 957 περὶ
1469 854 1498 931 δ’
1529 855 1605 933 ἐστὶ
1632 860 1758 958 νόημα

283 998 419 1087 Rzaclr,
462 998 615 1071 Hesiod.
661 998 824 1085 Unters,
867 1022 952 1092 pag.
983 999 1045 1084 26,
1076 1001 1115 1070 et
1143 997 1290 1083 Hartel,
1318 995 1348 1083 I,
1378 1019 1462 1089 pag.
1493 996 1583 1083 133,
1613 996 1757 1069 ducunt
1786 995 1945 1066 imitari

281 1131 324 1204 Il.
354 1131 435 1219 XX,
467 1133 563 1205 434:
738 1235 745 1243 ι

509 1258 588 1336 οἶδα
617 1259 657 1352 δ,
687 1265 739 1336 ὅτι
768 1263 812 1337 σὺ
841 1262 909 1362 μὲν
938 1259 1087 1349 ἐσθλὸς,
1116 1258 1193 1357 ἐγὼ
1223 1259 1265 1334 δὲ
1294 1260 1409 1335 σέθεν
1437 1258 1531 1333 πολὺ
1559 1260 1703 1358 χείρων.

283 1399 388 1484 Quod
419 1424 496 1471 non
524 1400 744 1473 incredibile
773 1400 936 1472 videtur.
993 1399 1190 1473 Hermann
1218 1399 1380 1471 coniecit
1408 1395 1426 1466 t
1455 1416 1508 1466 τοι
1535 1396 1737 1490 legendum
1759 1418 1845 1469 esse
1866 1419 1943 1490 pro

282 1529 378 1618 dtu
417 1557 529 1626 quam
559 1535 839 1612 coniecturam..
859 1533 1075 1607 Muetzellio
1105 1531 1318 1626 probatam,
1349 1531 1552 1604 ediderunt
1579 1529 1833 1620 Schoemann,
1865 1530 1940 1617 Pa-

283 1666 356 1761 ley,
386 1667 515 1755 eal,
536 1668 608 1755 u1.;
631 1668 765 1755 ltzach,
787 1668 810 1740 1.
832 1667 869 1754 1.,
890 1668 1060 1739 codicum
1081 1667 1283 1739 lectionem
1306 1666 1487 1752 defendit,
1508 1664 1618 1737 nn.
1640 1663 1782 1756 aliquid
1802 1663 1942 1736 mendi

281 1800 403 1877 inesse
433 1802 556 1874 versui
585 1805 772 1873 statuunt.
828 1802 906 1894 Ego
936 1800 1070 1871 dubius
1097 1800 1250 1885 haereo,
1271 1799 1360 1892 quid
1387 1802 1567 1871 statuam.
1623 1797 1677 1869 De
1696 1797 1781 1869 aliis
1802 1819 1939 1870 emen·

282 1934 510 2019 dationibus,
541 1957 636 2026 tynae
666 1936 705 2005 in
733 1934 832 2007 hunc
861 1957 1011 2006 versum
1040 1933 1163 2005 factae
1192 1935 1292 2018 sunt,
1323 1933 1410 2004 vide
1438 1931 1590 2004 Rzachii
1618 1931 1843 2003 editionem.

389 2066 505 2152 Quod.
523 2068 667 2139 attinet
695 2069 741 2139 ad
771 2068 837 2161 Op.
873 2068 964 2140 130:

601 2193 683 2271 ἀλλ’
714 2192 843 2271 ἑκατὸν
872 2197 940 2297 μὲν
968 2205 1055 2280 παῖς
1084 2193 1173 2270 ἔτεα
1200 2195 1304 2294 παρὰ
1331 2194 1462 2295 μητέρι
1489 2192 1615 2292 κεδνῇ,

281 2334 420 2406 similia
462 2335 636 2428 exempla
672 2344 722 2407 'ex
766 2335 933 2429 Homero
968 2335 1121 2427 collegit
1149 2334 1201 2405 La
1229 2333 1367 2420 ltoche,
1398 2356 1506 2427 pagg.
1539 2333 1600 2416 66,
1631 2332 1693 2420 66,
1724 2330 1877 2421 Hartel,
1907 2332 1938 2419 l,

283 2492 367 2561 pag.
413 2470 500 2540 422.
558 2468 742 2541 Credibile
786 2470 880 2541 duco
924 2489 949 2537 α
990 2468 1102 2539 finale
1130 2468 1371 2560 productum,
1400 2469 1610 2559 praeeunte
1638 2463 1820 2553 Homero,
1852 2487 1938 2538 esse

284 2602 486 2695 vestigium
513 2603 652 2695 prioris
681 2603 919 2695 quantitatis.
950 2624 1045 2693 quae
1074 2601 1256 2672 tribuitur
1285 2575 1413 2672 exitui·
1433 2599 1528 2693 plur.
1559 2623 1662 2671 num.
1697 2601 1821 2671 neutr.
1843 2621 1934 2693 gen.

282 2735 428 2824 Hartel‚
458 2735 481 2808 1.
513 2737 536 2808 1.
594 2735 663 2806 Vix
706 2736 796 2807 licet
837 2735 1006 2826 cogitare
1048 2735 1094 2806 de
1138 2734 1341 2806 verborum
1369 2733 1685 2825 transpositione:
1716 2725 1817 2801 ἀλλὰ
1844 2729 1937 2813 πάϊς

283 2860 413 2938 ἑκατὸν
456 2864 523 2965 μὲν
567 2862 656 2938 ἔτεα
683 2865 786 2965 παρὰ
814 2864 946 2965 μητέρι
973 2861 1086 2963 κεδνῇ
1117 2868 1279 2954 (Hartol,
1309 2867 1487 2940 Zeitschr.
1518 2867 1578 2938 1111·
1607 2867 1668 2939 die
1703 2849 1936 2940 listerreicn.

282 3002 418 3096 Gymn.
466 3004 578 3087 1876,
612 3027 696 3096 pag.
728 3004 832 3091 621),
863 3024 1090 3095 quamquam
1119 3024 1261 3089 versus,
1289 3002 1329 3072 ni
1358 3000 1481 3087 fallor,
1510 3000 1644 3072 melius
1672 3001 1724 3072 sic
1752 3002 1936 3094 congruit

282 3159 367 3208 cunr
410 3159 477 3207 usu
519 3136 706 3209 Hesiodeo
725 3131 751 3209 2.
808 3136 862 3209 lle
903 3133 989 3215 πάϊς
1032 3135 1228 3228 disyllabo,
1259 3136 1431 3206 ultimam
1460 3135 1705 3228 producente,
1735 3156 1823 3204 mox
1859 3135 1935 3208 die-

283 3269 510 3362 putabimus,

389 3401 520 3495 Supra,
564 3426 646 3496 pag.
679 3403 740 3491 96,
771 3404 965 3475 docuimus
994 3401 1162 3473 vocalem
1192 3401 1344 3473 finalem
1372 3402 1539 3489 brevem,
1569 3424 1642 3495 quo
1670 3401 1794 3473 minor
1827 3409 1932 3476 esset

283 3536 527 3627 intercapedo
550 3536 652 3609 inter
681 3559 764 3608 earn
794 3540 833 3609 et
861 3536 1026 3609 initiales
1054 3539 1255 3628 sequentes
1284 3558 1479 3621 consonae,
1510 3557 1554 3607 eo
1584 3535 1729 3607 l'acilius
1757 3536 1931 3628 produci.

283 3669 388 3752 Quod
435 3693 549 3761 quunr
597 3670 652 3741 ita
697 3672 758 3755 sit,
805 3693 882 3741 non
925 3670 1138 3741 mirandum
1180 3672 1249 3755 est,
1293 3671 1393 3762 qnod
1435 3669 1534 3762 apud
1576 3668 1786 3742 Homerum
1827 3670 1935 3743 inter

394 3841 404 3878 ¹
427 3845 532 3923 κάρτει
557 3849 619 3918 (scd
643 3849 765 3906 diaercsi
790 3850 1004 3906 deformatum:
1029 3845 1144 3923 κάρτεϊ)
1161 3852 1283 3906 exarant
1299 3846 1367 3904 libri
1386 3837 1446 3901 El).
1493 3846 1618 3905 Formae
1634 3844 1746 3922 κράτος
1761 3817 1931 3924 ε1κ1ρτος,

282 3958 373 4029 prout
407 3958 535 4013 metrum
559 3955 663 4030 poscit,
688 3959 882 4030 usurpantur.
929 3951 1041 4030 κράτος
1064 3959 1192 4030 occupat
1215 3955 1326 4028 dactyli
1350 3953 1428 4011 ursin
1452 3953 1508 4013 Th.
1534 3955 1595 4012 385
1621 3953 1664 4019 (11.
1687 3952 1757 4030 pn),
1784 3956 1859 4025 662,
1884 3956 1934 4015 Sc.

283 4063 356 4134 328,
382 4062 430 4119 Fr.
458 4062 564 4132 2112,
591 4059 718 4136 κράτεος
742 4061 893 4137 anapaesti
917 4062 1014 4120 locurn
1038 4066 1166 4137 occupet
1189 4061 1243 4120 111.
1269 4061 1342 4129 647,
1368 4065 1400 4118 at
1422 4058 1543 4136 κάρτος,
1568 4062 1666 4136 priore
1689 4051 1804 4137 syllaba
1825 4062 1856 4119 in
1874 4064 1936 4122 ersi
1960 4145 1962 4149 y

282 4168 389 4243 positu.
407 4172 503 4226 exstat
527 4169 581 4226 Th.
609 4169 680 4237 110,
705 4165 810 4243 κάρτεϊ
834 4169 985 4243 dactylum
1009 4169 1097 4227 efficit
1121 4168 1176 4227 Τ11.
1202 4168 1253 4241 73,
1278 4167 1352 4226 437.
1400 4166 1511 4225 Nostro
1527 4168 1592 4226 loco
1608 4188 1667 4227 non
1683 4172 1728 4226 est
1743 4168 1880 4244 ineptum
1896 4170 1935 4229 de

282 4274 364 4349 cynica
399 4278 494 4334 l'ornm
529 4273 633 4351 κάρτει
668 4276 808 4350 cogitare,
839 4280 874 4332 ut
897 4274 1121 4365 productionem
1146 4276 1251 4333 duram
1276 4275 1429 4339 evitemus
1476 4274 1584 4333 Versui
1608 4274 1774 4346 Homerico,
1800 4275 1834 4332 11.
1861 4275 1933 4347 VII,

286 4381 356 4451 142,
381 4401 455 4457 opus
479 4390 524 4439 est
547 4383 642 4439 lbrnra
665 4379 779 4457 κράτεϊ,
803 4402 839 4439 ne
863 4382 893 4439 in
916 4382 1108 4458 spondiacum
1133 4381 1230 4440 abeat.
1249 4416 1282 4424 -
1307 4381 1416 4439 Eodem
1434 4380 1627 4440 modoetiam
1642 4379 1800 4457 κρατερός,
1817 4395 1933 4458 κρατε-

282 4485 399 4566 ρόρρων
423 4488 541 4563 prassini,
566 4489 617 4546 sed
640 4483 872 4565 ruptepditupcc
895 4489 949 4546 Tb.
976 4490 1049 4559 225,
1076 4488 1150 4556 378,
1176 4488 1250 4559 lto,
1276 4488 1350 4557 979,
1375 4485 1538 4563 κάρτιστος
1561 4488 1616 4547 Th.
1643 4488 1716 4547 981.

392 4588 405 4625 ²
431 4594 513 4653 Hanc
548 4596 806 4670 transpositionem
841 4597 887 4653 vel
923 4616 987 4653 earn
1023 4595 1060 4653 ob
1096 4614 1155 4652 rem
1191 4595 1317 4669 probare
1347 4596 1395 4652 vir
1419 4595 1524 4664 ausim,
1549 4595 1629 4669 quod
1653 4595 1746 4653 violat
1769 4594 1935 4671 digamma,

283 4703 372 4777 quod,
397 4691 522 4760 servatis
546 4706 701 4759 contextus
726 4702 832 4761 verbis.
857 4704 982 4760 fortusse
1006 4702 1107 4760 vivum
1124 4702 1192 4760 fuit.
1239 4701 1343 4777 Neque
1359 4703 1464 4765 audeo,
1482 4701 1602 4759 Rzachii
1618 4702 1784 4778 exemplum
1800 4707 1936 4781 secutus,

282 4813 318 4867 ut
351 4809 506 4867 delendam
540 4809 683 4866 traditum
717 4810 833 4885 legendi
864 4809 1019 4878 rationein,
1049 4808 1178 4885 allegare
1202 4808 1257 4867 Th.
1282 4809 1356 4867 803.
1381 4813 1412 4866 et
1435 4809 1470 4867 Il.
1495 4809 1559 4877 XX,
1586 4809 1664 4866 255:
1690 4799 1781 4864 πόλλ’
1805 4799 1879 4864 ἔτεὰ
1904 4826 1938 4868 τε

282 4911 336 4970 καὶ
360 4904 435 4970 οὐκί·
461 4915 570 4991 qnippe
594 4916 702 4990 quibus
726 4916 796 4975 locis
830 4916 967 4974 dubitare
991 4916 1089 4990 liceat,
1114 4936 1152 4973 an
1176 4916 1325 4991 diganrmo
1349 4917 1431 4973 locus
1455 4916 1606 4991 parandus
1629 4916 1677 4985 sit,
1702 4918 1737 4973 ut
1761 4906 1832 4971 ἔτεα
1855 4919 1938 4995 syni-

283 5023 338 5081 zesi
364 5023 505 5101 appellari
530 5022 646 5081 debeat.
