4464 6082
285 272 330 342 12
820 298 884 353 Joh.
903 297 1038 353 Paulson:
1057 296 1159 352 Studia
1178 297 1323 354 Hesiodea
1359 299 1381 353 1.
1433 296 1442 309 ⁰

280 485 372 579 tylis
399 486 538 573 utitur;
569 508 685 579 quare
715 485 840 557 nescio
870 508 918 556 an
946 484 1104 579 spondei
1134 487 1283 556 tantum
1314 484 1407 556 liciti
1436 484 1591 572 fuerint,
1620 484 1792 557 variandi
1820 507 1937 557 causa

281 619 454 690 adhibiti.
499 619 643 692 Vereor
662 643 710 691 no
729 621 773 706 is,
794 621 858 712 qui
877 619 1077 692 contendit
1094 619 1284 713 spondeos
1299 619 1471 712 usurpari
1488 619 1535 690 ad
1550 620 1782 713 gravitatem
1802 642 1936 691 versus

282 753 506 847 aagendam,
543 754 677 825 eodem
721 753 834 826 modo
877 752 1033 824 fallatur
1070 775 1113 827 ac
1140 754 1171 825 si
1200 754 1282 846 quis
1311 753 1455 825 diceret
1482 753 1671 847 spondeos
1697 752 1776 839 (vel
1804 754 1935 846 potius

282 892 524 981 anapaestos)
548 887 650 959 inter
668 887 814 959 iambos
833 888 1009 959 interseri
1029 887 1077 958 ad
1097 888 1308 980 augendam
1328 889 1560 982 gravitatem
1578 888 1748 960 trimetri
1768 887 1930 960 iambici.

389 1021 581 1093 Confiteor
622 1021 673 1109 id,
707 1022 807 1114 quod
836 1022 994 1115 spondei
1024 1022 1177 1114 quidam
1206 1021 1305 1114 apud
1334 1022 1543 1095 Homerum
1572 1044 1723 1116 eosque,
1753 1023 1816 1114 qui
1846 1043 1932 1095 eum

281 1159 504 1248 sequuntur,
547 1155 700 1226 dissolvi
736 1156 775 1226 in
804 1156 977 1250 dactylos
1004 1159 1174 1249 possunt,
1203 1179 1281 1228 non
1309 1156 1512 1229 ostendere
1541 1178 1605 1228 eos
1633 1156 1750 1228 etiam
1778 1156 1933 1229 dissolri

283 1288 433 1361 debere.
490 1288 561 1361 Sed
590 1294 794 1383 antequam
823 1312 1003 1383 negemus
1031 1288 1129 1362 hanc
1156 1289 1412 1384 spondeorum
1432 1289 1732 1377 dissolutionem,
1753 1290 1934 1362 debemus

283 1422 381 1494 haud
412 1423 523 1495 dubie
552 1445 746 1516 quaerere,
783 1444 872 1494 num
902 1423 1002 1518 apud
1031 1425 1184 1516 quosvis
1211 1428 1345 1517 poetas
1374 1424 1487 1497 liceat
1515 1422 1649 1495 eodem
1677 1423 1792 1495 mo'do
1821 1445 1933 1517 spon-

284 1558 373 1629 deos
401 1580 486 1629 cum
516 1557 675 1651 dactylis
703 1561 864 1630 mutare.
922 1555 960 1630 Si
988 1558 1089 1650 apud
1117 1559 1348 1652 posteriores
1376 1561 1510 1652 poetas
1528 1581 1606 1630 non
1626 1558 1728 1645 licet,
1748 1558 1849 1645 inde,
1870 1560 1934 1651 qui

284 1691 489 1764 dissolvere
518 1695 661 1778 amant,
690 1695 958 1785 argumentum
983 1695 1115 1785 petere
1134 1695 1304 1785 possunt,
1325 1715 1399 1785 quo
1419 1690 1627 1765 defendant
1646 1692 1933 1765 dissolutionem

261 1819 385 1931 ¹apud
426 1826 661 1918 antiquiores
702 1828 849 1919 poetas,
879 1826 943 1918 qui
972 1848 1057 1898 earn
1086 1825 1297 1919 patiuntur.
1354 1825 1391 1899 Si
1420 1826 1510 1920 quid
1538 1826 1631 1897 mihi
1660 1827 1750 1899 licet
1778 1829 1934 1900 conten·

284 1959 386 2047 dere,
430 1960 494 2052 qui
530 1959 568 2030 in
598 1959 695 2032 hanc
723 1981 806 2031 rem
833 1958 897 2031 vix
924 1960 1115 2053 inquisivi,
1145 1959 1324 2032 videntur
1352 1961 1391 2048 ii,
1420 1961 1483 2053 qui
1513 1960 1737 2049 dissolvunt,
1768 1984 1845 2033 non
1874 1984 1933 2034 ca-

284 2115 369 2165 rere
397 2093 468 2166 hoc
496 2097 734 2186 argumento.
791 2092 886 2164 Tum
915 2093 1071 2181 succedit,
1100 2093 1200 2187 quod
1219 2093 1420 2187 spondeos,
1441 2117 1535 2202 quos
1554 2094 1725 2167 defendit
1743 2095 1933 2184 Ludwioh,

283 2228 327 2315 si,
357 2251 431 2321 qua
458 2229 522 2299 via
549 2230 657 2299 ortae
685 2228 763 2298 sint
790 2226 948 2314 formae,
982 2228 1208 2321 quaerimus
1238 2251 1259 2301 e
1288 2228 1420 2301 formis
1448 2228 1644 2323 dactylicis
1672 2230 1728 2317 iis,
1759 2253 1850 2323 quas
1870 2230 1935 2302 alii

284 2362 487 2434 restituere
507 2365 706 2448 conantur,
728 2364 834 2434 ortos
854 2383 934 2434 esse
955 2362 1086 2456 negari
1106 2385 1182 2435 non
1202 2364 1342 2456 potest.
1390 2362 1523 2455 Neque
1543 2361 1726 2437 librorum
1746 2365 1935 2458 spondeos

284 2494 544 2567 exhibentium
572 2518 712 2589 magna
739 2497 798 2567 est
826 2495 896 2568 hac
923 2496 963 2567 in
990 2518 1032 2568 re
1061 2497 1281 2568 auctoritas.

391 2628 522 2722 Neque
551 2630 871 2702 contemnendum
901 2633 959 2702 est
986 2630 1025 2701 id
1044 2633 1325 2724 argumentum,
1355 2631 1455 2724 quod
1478 2630 1590 2702 multi
1611 2653 1752 2719 versus,
1773 2632 1935 2705 diaecesi

284 2763 466 2851 adhibita,
497 2764 691 2836 molliores
719 2764 941 2852 redduntur,
971 2769 1014 2837 ut
1041 2764 1084 2836 ll.
1113 2763 1144 2852 Ι,
1177 2765 1263 2852 185,
1293 2764 1357 2836 ubi
1385 2764 1552 2838 clausula
1580 2769 1639 2838 est
1677 2758 1756 2861 ὄφρ’
1786 2757 1828 2836 εὖ
1857 2759 1935 2855 (ἐῢ)

285 2891 398 2993 εἰδῇς,
441 2897 508 2992 Op.
541 2898 632 2986 574,
668 2894 729 2994 ᾑιῖ)
758 2894 864 2993 (ἠόα)
900 2902 1029 2983 mista,
1058 2898 1147 2971 licet
1175 2898 1335 2970 fortasse
1364 2898 1622 2972 confitendum
1649 2900 1700 2971 sit
1741 2922 1935 2973 caesuram

285 3035 372 3125 post
413 3033 588 3125 quintum
629 3033 839 3126 spondeum
880 3055 958 3106 non
990 3056 1144 3127 prorsus
1172 3032 1336 3104 alienam
1365 3054 1446 3105 esse
1474 3033 1522 3105 ab
1550 3034 1666 3128 epicis
1693 3035 1934 3109 carminibus.

285 3165 570 3238 Animadvertit
611 3146 787 3241 Ludwioh
830 3166 877 3255 ll,
920 3160 1006 3261 pag.
1052 3167 1140 3254 324,
1176 3164 1319 3261 figurae
1352 3167 1464 3259 plane
1506 3168 1734 3261 spondaicae
1771 3169 1934 3241 mentio-

284 3322 371 3373 nem
414 3300 567 3412 faciens,
611 3323 688 3388 eoa,
718 3302 794 3394 qui,
831 3301 991 3374 diaeresi
1019 3301 1088 3390 usi,
1118 3301 1274 3373 omnino
1304 3300 1399 3371 nihil
1428 3300 1529 3372 aliud
1558 3301 1722 3374 efficiant
1750 3325 1863 3395 quam
1891 3307 1936 3375 ut

285 3456 415 3507 versus
444 3458 530 3507 rara
558 3434 677 3528 figura
707 3457 793 3507 usos
821 3435 859 3506 in
880 3435 993 3507 aliam
1023 3457 1099 3508 non
1129 3435 1291 3506 multum
1319 3433 1619 3528 frequentiorem
1647 3435 1752 3508 abire
1780 3436 1934 3525 faciant,

286 3592 442 3663 operam
471 3566 643 3664 perdere.
701 3568 772 3641 Sed
801 3568 1078 3642 observandum
1109 3572 1179 3655 est,
1209 3568 1370 3640 diaeresi
1398 3568 1581 3657 adhibita,
1611 3592 1680 3662 per
1698 3592 1830 3643 omnes
1849 3592 1934 3644 ver·

285 3725 392 3775 suum
422 3704 560 3797 figuras
589 3724 719 3776 versus
749 3725 769 3775 e
797 3702 1011 3775 durioribus
1040 3705 1080 3775 et
1099 3702 1306 3775 rarioribus
1324 3703 1365 3773 in
1385 3698 1579 3776 molliores
1598 3707 1638 3777 et
1657 3705 1936 3797 frequentiores

245 3860 250 3871 ·
284 3838 496 3910 transferri.

392 3971 648 4044 Ludwichium
679 3973 808 4066 igitur,
838 3972 920 4065 ipsa
946 3971 1162 4064 frequentia
1180 3970 1433 4065 spondeorum
1454 3971 1709 4065 frequentiam
1729 3972 1935 4045 defenden-

285 4108 377 4193 tem,
421 4128 497 4177 non
540 4105 839 4199 probansque
867 4106 1123 4199 spondeorum
1150 4105 1333 4200 gravitati
1361 4105 1523 4176 multum
1552 4105 1796 4177 tribuendum
1825 4105 1934 4178 duco,

286 4237 421 4312 Nescio
451 4263 500 4311 an
529 4262 573 4312 ex
604 4262 649 4312 ea
676 4262 730 4327 re,
760 4238 861 4333 quod
889 4239 1060 4311 hiatuum
1091 4239 1201 4333 copia
1228 4239 1328 4332 apud
1357 4219 1568 4311 Homerum
1588 4239 1710 4311 maior
1729 4242 1799 4327 est,
1821 4262 1936 4333 quam

287 4373 385 4465 apud
428 4374 660 4466 posteriores
701 4373 839 4466 epicos
882 4373 1016 4446 eodem
1059 4373 1172 4444 modo
1215 4372 1447 4446 contendere
1489 4373 1602 4452 liceat
1638 4373 1776 4445 iniuria
1806 4373 1935 4446 doceri

286 4528 462 4601 magnam
491 4510 641 4600 partem
670 4530 802 4580 eorum
832 4507 1022 4601 digammo
1051 4506 1136 4579 tolli
1165 4504 1314 4579 debere.

393 4773 530 4848 Sextae
558 4775 657 4848 sedis
686 4776 806 4849 adhuc
834 4799 911 4849 non
931 4775 1045 4848 habui
1064 4775 1267 4871 rationem.
1323 4774 1456 4868 Neque
1476 4775 1588 4848 credo
1609 4796 1748 4868 operae
1768 4774 1935 4868 pretium

287 4929 367 4982 esse
397 4909 443 4981 de
473 4932 518 4981 ea
547 4931 741 5002 quaerere.
797 4909 908 4981 Haud
942 4910 1041 4982 enirn
1064 4908 1176 4982 dubie
1196 4913 1334 5003 poetae
1353 4909 1492 4981 nullius
1512 4907 1699 4981 momenti
1719 4907 1936 4981 iudicarunt

288 5065 379 5131 esse,
411 5047 538 5114 utrum
566 5045 755 5138 spondeus
783 5067 832 5116 an
861 5044 1061 5119 trochaeus
1089 5066 1173 5117 eam
1203 5046 1417 5138 occuparet.
1474 5043 1551 5137 Ego
1580 5043 1830 5150 quidem-non
1850 5022 1933 5115 eru·
