4464 6082
822 319 884 383 Joh.
906 319 1040 375 Paulson:
1059 318 1159 376 Studia
1178 318 1322 377 Hesiodea.
1360 321 1380 376 1.

639 506 730 578 158:
762 499 874 576 ἄλλον
903 501 1106 602 τεθνηῶτα
1133 503 1231 576 κατὰ
1258 503 1376 602 μόθον
1405 507 1436 579 d)

638 640 728 711 leo:
760 633 874 735 appo
904 631 1164 737 ἐπεμβεβαώς·
1194 638 1297 737 παρὰ
1326 635 1367 711 δὲ
1396 636 1530 738 Δεῖμος
1557 642 1585 714 e)

588 798 599 812 ·
634 774 729 845 236:
760 767 871 869 ἄγρια
899 768 1120 871 δερκομένα).
1150 768 1212 846 ἐπὶ
1240 769 1282 844 δὲ
1310 769 1455 846 δεινοῖσι
1482 777 1511 847 f)

635 908 730 979 sol:
760 905 868 1013 παντὶ
897 904 1000 1005 μένει
1029 903 1209 993 σπεύδων,
1240 903 1368 979 διὰδὲ
1397 906 1497 1006 μέγα
1524 910 1556 986 ιι)

635 1042 729 1113 lor:
760 1035 885 1113 toccu*
915 1035 1152 1138 ἐπικρατέως·
1183 1036 1242 1113 διὰ
1270 1037 1312 1112 δέ
1341 1039 1441 1139 μέγα

496 1175 562 1248 Od.
639 1178 729 1248 130:
761 1168 843 1246 ἀλλ’
874 1168 1004 1247 ἑκατὸν
1034 1173 1101 1274 μέν
1130 1182 1217 1258 παῖς
1246 1170 1335 1247 έιεα
1362 1175 1466 1273 παρὰ
1494 1175 1626 1275 μητέρι

395 1323 397 1328 ’
495 1310 554 1382 Fr.
596 1311 728 1399 lala:
759 1302 982 1406 Ἱπποτάδην
1010 1307 1051 1380 τέ
1080 1304 1112 1381 οἱ
1140 1305 1215 1382 υἱον
1245 1304 1298 1383 ἐνὶ
1327 1309 1537 1408 μεγάροισιν
1565 1315 1599 1384 hl

390 1472 428 1560 d)
458 1472 496 1542 in
526 1472 659 1565 quinta
686 1471 784 1544 thesi
812 1473 989 1565 producit
1134 1446 1135 1449 Ἴ

353 1605 420 1678 Th.
452 1605 519 1677 lo:
551 1602 656 1675 ὅσσον
686 1599 905 1702 φέρτατος
892 1627 969 1676 eoo
997 1602 1100 1677 θεῶν
1129 1602 1325 1702 κρατεῖτε
1354 1603 1525 1704 μέγιστος
1553 1606 1611 1696 (ΙΙ.
1642 1608 1722 1698 Vll,
1757 1610 1852 1699 142)

389 1768 425 1855 e)
454 1766 493 1837 in
522 1769 629 1838 sexta
657 1767 756 1856 thesi
785 1768 961 1860 producit

428 1899 495 1972 Th.
527 1900 620 1972 819:
652 1894 750 1970 διῖικε
779 1894 821 1970 δέ
848 1895 1107 1998 Κυμοπόλειαν
1136 1897 1285 1987 ὀπυίειν,
1314 1897 1509 1999 θυγατέρα
1538 1901 1693 1999 (ο11)ἥν
1713 1900 1737 1974 ¹.

390 2033 561 2127 Apparet
602 2035 673 2107 hoc
711 2034 943 2128 producendi
971 2058 1088 2129 genus
1118 2037 1289 2129 proximo
1319 2036 1496 2110 accedere
1539 2039 1586 2110 ad
1624 2039 1802 2127 alterurn,
1833 2043 1939 2133 quod

255 2158 408 2240 'exstat
449 2171 539 2240 unte
581 2169 728 2240 iunctas
770 2172 915 2240 mutam
956 2147 999 2241 'et
1026 2169 1220 2263 liquidam.
1277 2170 1330 2241 Ut
1358 2171 1396 2241 in
1425 2194 1504 2265 cap.
1535 2172 1598 2259 IV,
1628 2196 1711 2266 pag.
1744 2174 1807 2262 823,
1839 2176 1938 2246 vidi-

282 2326 364 2374 mus
393 2302 683 2396 productionem
713 2302 853 2375 vocalis
881 2302 1004 2375 finalis
1032 2306 1122 2376 ante
1151 2304 1317 2376 initiales
1346 2309 1490 2376 rnutanr
1521 2310 1561 2378 et
1590 2306 1771 2400 liquidam
1800 2308 1936 2402 impri-

215 2521 223 2535 ·
282 2438 353 2508 nris
381 2437 426 2508 iis
449 2436 545 2508 locis
573 2438 676 2529 poni,
707 2437 770 2509 ubi
798 2436 1025 2531 appellando
1056 2441 1139 2509 arte
1169 2438 1387 2530 iunguntur,
1418 2439 1473 2509 ita
1501 2462 1561 2511 res
1589 2440 1723 2512 suadet
1749 2441 1822 2513 hoc
1843 2466 1937 2534 quo-

283 2593 354 2664 quo
383 2570 614 2664 producendi
643 2594 760 2664 genus
790 2594 852 2643 eas
880 2571 1131 2680 potissirnurn
1148 2571 1219 2642 sibi
1249 2571 1388 2664 eligere
1417 2595 1547 2644 versus
1567 2573 1685 2675 sedes,
1708 2597 1804 2666 quae
1824 2573 1939 2646 firma

282 2725 437 2776 caesura
464 2727 542 2775 non
571 2704 803 2776 distineatur
821 2699 847 2776 2.

389 2838 494 2922 Quod
522 2837 640 2909 thesis
669 2839 792 2931 prirna
820 2839 964 2909 nullum
992 2839 1103 2910 huius
1132 2840 1392 2933 productionis
1421 2840 1635 2934 exemplum
1664 2840 1835 2934 praebet,
1864 2844 1936 2913 rni-

281 2996 365 3043 runr
408 2996 485 3044 non
528 2976 596 3059 est,
628 2995 742 3065 quum
772 2995 901 3044 versus
929 2973 991 3045 vix
1021 2973 1068 3043 ab
1097 2973 1176 3044 eins
1206 2973 1308 3044 nrodi
1338 2973 1452 3046 verbo
1483 2975 1634 3045 initium
1664 2976 1801 3067 capiat,
1832 2977 1936 3069 quod

282 3107 436 3178 brevern
467 3106 618 3178 finalem
647 3107 817 3179 vocalem
846 3107 1041 3200 producat.
1099 3106 1231 3200 Neque
1260 3108 1398 3178 rnirurn
1432 3110 1490 3178 est
1509 3113 1656 3186 sextam
1677 3108 1802 3180 thesin
1824 3132 1935 3202 prae·

282 3243 343 3312 ter
370 3264 486 3312 unuin
516 3241 639 3312 locuni
668 3240 814 3312 evitare
842 3239 943 3312 hanc
967 3240 1199 3333 producendi
1229 3241 1430 3328 rationein,
1460 3265 1588 3334 quum,
1618 3243 1688 3313 nisi
1728 3265 1860 3314 versus
1896 3245 1935 3314 in

281 3372 583 3467 monosyllabanr
613 3396 745 3445 vocern
788 3374 878 3460 exit,
909 3377 1057 3445 exstare
1087 3376 1262 3467 nequeat.
1319 3374 1424 3458 Quod
1454 3374 1588 3468 quinta
1616 3375 1733 3448 thesis
1753 3399 1831 3447 non
1854 3401 1934 3448 nra·

281 3508 337 3600 gis
380 3530 492 3599 quarn
534 3509 643 3578 sexta
679 3506 775 3578 hanc
817 3505 1108 3600 productionem
1142 3506 1372 3600 frequentat,
1404 3508 1519 3580 velim
1547 3508 1718 3580 conteras
1747 3484 1804 3597 ea,
1835 3533 1934 3602 quae

282 3689 370 3698 ...κ-,-
607 3689 706 3697 ..ι-...-

393 3788 403 3825 ¹
428 3793 527 3851 Primo
551 3793 625 3851 thesi
649 3793 766 3859 omissa,
791 3811 869 3866 quae
891 3792 1006 3849 nullum
1032 3792 1234 3868 productionis
1259 3795 1424 3869 exemplum
1449 3795 1577 3859 exhibet,
1603 3795 1675 3853 haec
1698 3795 1802 3853 tabula
1825 3796 1934 3856 melius

282 3900 337 3959 sub
373 3904 524 3976 aspectum
557 3903 657 3975 ponet.
694 3900 773 3973 quod
810 3899 886 3956 inter
911 3900 1006 3957 theses
1030 3900 1255 3975 productionem
1280 3901 1456 3976 accipientes
1479 3901 1645 3959 intercedat
1668 3902 1840 3965 discrimen:
1866 3923 1933 3979 pro-

282 4009 450 4067 ductionem
474 4008 592 4066 exhibet

602 4186 691 4245 -ιι
805 4138 866 4275 l
921 4186 967 4244 ιιι
1072 4138 1082 4261 il
1189 4187 1232 4244 ιν
1340 4168 1343 4277 ζ
1466 4142 1617 4313 ιγ
1726 4188 1767 4246 ιι

1528 4288 1690 4325 --Ι.-,-
1717 4317 1874 4325 ---....

984 4329 1120 4475 ξιξιφζιτ
1092 4330 1132 4400 ἐι
1146 4330 1425 4441 ΙΞΙῌῖΙω
1458 4331 1586 4450 ,ΞῙῘῖ
1576 4318 1715 4453 γι11ᾐια

984 4380 1342 4505 'Mt’l'¹
1339 4468 1342 4509 l

927 4605 946 4612 -
811 4379 1452 4643 -ῘἭ-Γιιιῑιῖιξῖιτιῖ
1396 4594 1398 4601 ·
1449 4614 1451 4643 ,

393 4751 493 4827 llta„
529 4758 649 4817 Hesiod.
686 4758 863 4817 Untersuch.
899 4778 969 4833 pag.
995 4735 1052 4816 ²21:
1084 4803 1108 4821 „.
1135 4803 1142 4815 .
1168 4803 1174 4816 .
1200 4758 1246 4816 die
1270 4759 1335 4816 dem
1359 4759 1490 4834 liquiden
1517 4761 1645 4818 Anlauto
1670 4758 1936 4831 vorausgehenden

283 4864 404 4923 Worte‘·
442 4865 540 4940 inquit
543 4910 691 4935 .....
698 4864 824 4936 (steten)
860 4865 914 4922 mit
929 4852 933 4859 ¹
947 4866 1013 4923 dein
1036 4865 1270 4940 nuchlolgenden
1297 4864 1398 4923 Wortc
1422 4866 1451 4923 in
1476 4871 1595 4943 engstor
1617 4864 1838 4941 syntoktischcr
1862 4867 1936 4926 Ver·

284 4972 417 5049 bindung
442 5017 449 5030 .
476 5016 482 5030 .
509 5017 527 5042 .,
552 4990 584 5030 so
619 4973 686 5030 dass
709 4973 756 5030 iln·
792 4973 951 5031 Ansclrluss
975 4992 1012 5028 an
1036 4972 1130 5030 dieses
1154 4971 1193 5028 ἰιιι
1217 4972 1406 5030 nrdndlichon
1431 4973 1578 5050 Vortrogc
1602 4994 1652 5031 uru
1676 4991 1709 5031 so
1732 4971 1851 5047 inpiger
1873 4975 1937 5034 sein

284 5078 363 5137 kann
386 5080 447 5138 und
470 5078 584 5139 muss“.
1077 5068 1081 5074 ’
