4464 6082
964 1868 1041 1944 Cin.
1071 1869 1100 1941 I.

794 2074 854 2155 De
882 2097 1083 2154 versuum
1109 2073 1268 2175 figuris.

169 2466 174 2474 .
204 2348 374 2481 Poetae
403 2407 500 2500 epici
530 2428 645 2498 quum
674 2406 713 2476 in
742 2405 875 2498 quavis
903 2427 1034 2476 vorsus
1063 2405 1152 2477 sede
1180 2403 1389 2497 spondeum
1410 2427 1479 2498 pro
1500 2404 1652 2499 dactylo
1671 2429 1856 2500 usurpare

204 2540 363 2634 possint,
393 2539 484 2613 licet
512 2539 610 2612 aliae
638 2539 746 2611 sodes
774 2538 932 2625 facilius,
963 2536 1151 2610 difficilius
1180 2538 1277 2610 aliae
1296 2538 1395 2611 hunc
1416 2539 1611 2626 omittant,
1633 2539 1740 2611 illum
1761 2540 1855 2613 aoc'i·

203 2675 325 2767 piant,
353 2674 491 2762 varias,
520 2677 636 2766 prout
664 2672 823 2745 miscent
852 2672 1024 2766 dactylos
1053 2674 1093 2744 et
1120 2672 1321 2765 spondeos
1351 2671 1538 2766 praebent
1566 2695 1743 2746 versuum
1762 2673 1854 2768 figu·
1916 2759 1920 2768 Ι

203 2830 276 2879 ras.
334 2806 386 2879 Ut
423 2806 460 2878 in
489 2806 646 2899 singulis
674 2806 845 2879 versibus
873 2805 1082 2878 formandis
1111 2827 1195 2878 eam
1223 2807 1343 2878 secuti
1371 2809 1461 2878 sunt
1488 2806 1624 2900 legem,
1654 2811 1698 2879 ut
1725 2829 1856 2880 versus

204 2941 301 3013 bene
343 2944 537 3027 sonarent,
581 2940 636 3010 ita
671 2939 789 3011 etiam
817 2940 856 3011 in
885 2938 1142 3012 continuanda
1171 2960 1346 3012 versuum
1377 2940 1474 3012 serie
1503 2941 1670 3034 optimus
1699 2943 1855 3034 quisque

204 3077 320 3168 poeta
362 3073 510 3146 efficere
552 3072 699 3145 studuit
732 3077 787 3161 ut,
822 3096 938 3166 quum
971 3095 1101 3145 versus
1130 3072 1242 3166 plane
1271 3072 1449 3168 dactylici
1478 3074 1697 3167 exciperent
1725 3097 1856 3147 versus

203 3208 382 3301 spondeis
411 3229 560 3301 quoque
588 3207 696 3279 sedes
716 3207 956 3300 praebentes,
977 3206 1237 3278 similitudinis
1256 3206 1451 3278 fastidium
1472 3208 1675 3280 evitarent.
1733 3210 1855 3293 Quare

203 3365 281 3413 non
308 3343 340 3413 is
369 3345 427 3414 est
455 3342 623 3436 optimus
653 3364 827 3413 versuum
857 3342 1075 3425 fabricator,
1105 3341 1209 3413 cuius
1238 3363 1368 3414 versus
1397 3341 1532 3437 singuli
1563 3341 1741 3414 facillime
1770 3365 1852 3416 cur-

203 3478 304 3562 rant,
334 3476 399 3547 sed
428 3476 492 3568 qui
515 3476 631 3548 faciat
650 3498 781 3548 versus
801 3475 1037 3547 diversarum
1056 3475 1331 3548 formationum
1352 3475 1516 3548 vicissim
1536 3497 1575 3547 se
1595 3476 1647 3549 sic
1667 3476 1854 3570 excipere,

203 3613 247 3679 ut
275 3611 402 3679 totum
429 3631 568 3702 poema
596 3631 672 3680 uon
702 3609 826 3680 miuus
855 3608 1057 3693 varietate,
1087 3631 1199 3701 quam
1228 3608 1415 3703 praebent
1444 3609 1545 3681 inter
1573 3631 1613 3682 se
1633 3610 1750 3681 'mixti
1770 3632 1854 3682 ver·

203 3765 265 3814 sus
293 3741 432 3815 diversi
461 3743 623 3836 generis,
654 3766 767 3836 quam
797 3742 989 3836 elegantia
1016 3742 1253 3836 singulorum
1282 3765 1459 3814 versuum
1479 3742 1688 3837 legentium
1708 3743 1856 3815 anim'os

204 3876 380 3948 delectet.
437 3875 556 3960 Quam
584 3877 633 3948 ob
662 3898 741 3948 rern
772 3876 871 3970 apud
901 3875 1021 3948 bonos
1049 3880 1184 3970 poetas
1213 3898 1343 3948 versus
1363 3875 1531 3949 eiusdem
1555 3876 1757 3949 schematis
1776 3898 1855 3949 non

203 4009 380 4103 deinceps
408 4009 535 4103 plures
563 4012 785 4103 sequuntur.
841 4010 951 4104 Apud
981 4009 1189 4082 Hesiodum
1209 4010 1361 4102 quidem
1380 4033 1564 4102 nusquam
1585 4009 1669 4103 plus
1689 4011 1854 4103 quinque

204 4166 334 4217 versus
362 4143 529 4216 eiusdem
558 4143 761 4216 schematis
790 4143 966 4237 deinceps
994 4146 1204 4236 sequuntur
1223 4138 1252 4230 ¹;
1291 4144 1394 4216 cuius
1422 4142 1527 4214 modi
1556 4164 1685 4215 versus
1713 4142 1855 4216 similes

203 4277 450 4351 continuandi
491 4277 613 4350 solum
651 4277 838 4370 praebent
866 4276 1082 4370 exemplum
1110 4275 1178 4349 Th.
1208 4301 1270 4349 vv.
1303 4276 1510 4348 745-749
1529 4270 1556 4366 Β,
1587 4277 1663 4369 qui,
1693 4275 1855 4371 dactylis

315 4541 325 4578 ¹
349 4546 407 4606 Ubi
431 4565 528 4621 neque
551 4546 724 4604 nominatim
748 4545 840 4604 alium
864 4545 1007 4603 editorem
1030 4564 1126 4620 neque
1150 4544 1240 4603 libros
1264 4544 1482 4620 manuscriptos
1505 4562 1624 4620 sequor,
1647 4546 1718 4601 utor
1734 4542 1855 4602 Rnacbii

202 4653 339 4723 editione,
376 4672 452 4729 quae
486 4653 517 4711 iu
553 4655 647 4711 lucem
682 4653 793 4728 prodiit
828 4650 945 4728 Lipsiae
976 4650 1280 4710 Moooctxxxlffl
1304 4644 1454 4726 (Hesiodi
1476 4666 1555 4730 quate
1576 4645 1727 4728 feruntur
1750 4644 1854 4706 munio

201 4757 354 4818 recensuit
378 4754 521 4817 Alonion
544 4753 675 4833 Rauola).

312 4878 324 4916 ⁹
348 4885 388 4943 Hi
423 4885 539 4944 ordines
574 4885 727 4944 continent
760 4884 893 4959 singulos
928 4885 973 4943 vel
1007 4884 1090 4942 binos
1115 4902 1227 4955 versus,
1252 4884 1288 4942 de
1311 4902 1439 4960 quorum
1464 4882 1520 4941 fide
1545 4882 1594 4940 alii
1619 4881 1700 4940 aliud
1724 4883 1853 4940 cernent.

202 4990 288 5061 Sunt,
312 4993 364 5068 qui
388 5012 423 5050 ex
446 4991 501 5068 Op.
527 4992 664 5051 deseceut
687 5012 736 5051 vv.
762 4991 948 5050 825—828.
984 4990 1149 5049 Observare
1173 4991 1261 5049 etiam
1287 4992 1356 5050 licet
1379 4989 1542 5048 orationem
1566 4989 1717 5048 interdum
1739 4988 1770 5047 in
1787 5006 1854 5047 oon·

202 5099 326 5157 tinuatis
350 5099 393 5157 his
417 5099 552 5158 versibus
575 5099 761 5175 interrumpi,
787 5101 830 5168 ut,
855 5099 880 5158 si
904 5119 963 5175 qua
987 5098 1022 5157 iis
1044 5092 1117 5156 insit
1139 5097 1314 5169 similitudo,
1339 5096 1528 5171 aliquantum
1551 5096 1687 5155 tollatur.

308 5216 401 5272 nunus
421 5216 502 5271 univ.
522 5199 630 5271 iasar.
667 5217 745 5272 rom.
764 5216 863 5271 xxm.
1732 5214 1745 5269 1
