4464 6082
827 252 889 311 Joh.
908 252 1045 311 Paulson:
1063 251 1163 311 Studia
1182 252 1327 312 Hesiodea.
1364 251 1385 311 I.

388 440 440 512 ihr
470 441 765 535 interpungendi
792 441 1016 527 rationibus,
1047 464 1143 535 quae
1171 445 1332 529 restant,
1361 442 1498 514 ceteris
1526 439 1764 534 frequentior
1794 444 1862 513 est
1890 461 1956 527 ee,

283 597 378 668 quae
420 575 545 667 posita
587 579 645 647 eet
678 579 766 668 post
793 576 957 669 primam
992 575 1224 647 trochaicam
1254 598 1460 648 caesuram.
1518 575 1619 648 Haec
1648 577 1749 648 enirn
1779 597 1956 648 caesura

282 709 592 801 interpunctione
628 707 803 780 firmatur
830 709 869 780 in
898 709 966 780 Tlr.
1002 710 1045 780 lr'r
1076 709 1180 796 leciri,
1209 710 1246 779 iu
1276 708 1333 781 Sc.
1364 712 1399 796 3,
1429 710 1469 779 in
1498 707 1564 802 Op.
1597 710 1631 781 6.
1688 708 1761 782 Ter
1790 708 1865 781 Th.
1901 730 1953 781 eo

283 842 366 915 leco
409 842 591 914 maiorem
635 844 745 935 ponit
786 842 1148 935 interpunctionem,
1195 843 1288 914 178:
1331 839 1465 938 πάντη·
1509 837 1527 913 ὁ
1565 835 1595 912 δ’
1632 835 1676 912 ἐκ
1702 837 1780 912 κτλ.
1845 841 1952 914 198:

282 970 452 1071 θρέφθη
483 969 576 1071 ἀτὰρ
604 969 682 1044 κτλ.
739 975 833 1046 cer:
867 967 932 1055 Ὣς
965 967 1059 1071 φάτ’·
1089 968 1303 1071 ἐπῄνεσσαν
1330 970 1407 1046 κτλ.
1463 976 1530 1070 Op.
1560 999 1677 1047 unum
1705 976 1858 1047 addunt
1891 976 1952 1048 lo·

283 1131 380 1196 curn,
425 1132 459 1181 v.
495 1110 557 1181 lO:
597 1104 698 1203 τύνη·
729 1100 805 1201 ἐγὼ
833 1103 910 1178 κτλ.
967 1108 1125 1182 Praeter
1153 1108 1222 1181 hos
1250 1110 1353 1182 locos
1381 1110 1547 1203 quinque
1575 1114 1673 1197 suut,
1704 1111 1838 1203 quiin
1872 1110 1951 1180 mi·

284 1264 378 1314 nore
407 1243 716 1335 interpunctione
745 1243 957 1335 corripiunt
985 1246 1052 1314 aut
1080 1243 1233 1336 longam
1263 1244 1431 1316 vocalem
1452 1247 1520 1314 aut
1538 1243 1836 1337 diphthongum:
1872 1243 1949 1316 Th.

287 1376 380 1448 ύθθε
402 1366 500 1458 ζώει,
520 1369 776 1471 ἀποφθιμένου
791 1413 810 1426 -
829 1374 885 1448 Sc.
912 1377 1002 1447 173:
1024 1369 1120 1461 δοιοί,
1141 1370 1390 1472 ἀπουράμενοι
1404 1414 1423 1427 -
1444 1377 1538 1449 265ε
1560 1371 1700 1472 χλωρη,
1721 1371 1952 1472 ἀῦσταλέη-

286 1510 352 1602 Ομ.
387 1480 478 1580 llll:
501 1515 599 1603 σιγη,
620 1501 703 1578 ἐπεί
721 1547 740 1560 -
765 1509 856 1581 123:
879 1501 1020 1593 ἐσθλοί,
1047 1502 1249 1604 ἐπιχθόνιοι
1268 1548 1297 1579 -.
1353 1511 1494 1595 Ouater
1515 1511 1552 1581 in
1573 1510 1729 1582 elisione
1748 1510 1951 1583 collocata

285 1646 343 1715 est
363 1641 633 1735 interpunctio,
654 1642 721 1714 Th.
744 1641 838 1714 392:
861 1634 943 1712 εἷπε
963 1634 1004 1726 δ’,
1025 1637 1064 1722 ὃς
1085 1636 1129 1711 ἄν
1149 1681 1167 1694 -
1188 1643 1280 1716 490:
1312 1635 1471 1727 λείπεθ’,
1491 1639 1510 1712 d
1530 1663 1588 1738 μιν
1607 1681 1626 1694 -
1648 1643 1743 1715 582:
1762 1635 1948 1728 κνώδαλ’,

286 1766 339 1845 ύσ’
368 1770 529 1871 ἤπειρος·
560 1775 671 1862 litt:
699 1767 764 1855 Ὣς
793 1767 886 1872 φάτ’·
917 1768 1159 1871 ἐπῄνεσσαν).
1216 1776 1392 1851 Dimidia·
1412 1778 1528 1870 igitur
1556 1799 1644 1871 pare
1674 1777 1948 1870 exemplorum

286 1908 454 2004 neglegit
496 1910 659 2003 quodam
697 1910 810 1983 ruodo
854 1914 894 1982 et
918 1911 1063 2007 'irritas
1104 1910 1197 1982 facit
1238 1911 1577 2004 interpunctiouee.
1633 1910 1731 1982 Nanr
1761 1914 1801 1982 et
1831 1910 1949 1983 elisio

288 2036 460 2116 brevium
489 2044 677 2116 vocalium
706 2047 746 2115 et
774 2044 965 2137 correptio
994 2043 1193 2137 longarum
1222 2043 1299 2129 (vel
1328 2042 1669 2137 diphthongorum)
1689 2043 1794 2137 quasi
1813 2043 1950 2138 iungit

288 2198 345 2266 ea,
374 2200 470 2270 quae
499 2178 681 2271 disiurrgit
710 2178 979 2270 interpunctio.
1036 2176 1145 2250 Unde
1175 2176 1264 2250 licet
1282 2177 1506 2251 concludere
1526 2180 1681 2270 poetam
1701 2176 1739 2248 in
1758 2176 1831 2249 hoc
1851 2178 1944 2251 loco

287 2311 412 2381 minue
440 2315 530 2404 apte
560 2334 689 2383 versus
717 2313 846 2403 partes
876 2308 1184 2405 interpundtione
1213 2310 1377 2382 distendi
1406 2312 1565 2383 sensisse
1584 2306 1608 2382 ¹.

395 2444 551 2516 Ceterae
593 2466 770 2516 ‹zrreeurae
813 2444 1017 2517 admodum
1060 2467 1146 2516 raro
1180 2445 1491 2537 interpunctione
1520 2448 1724 2537 nogentum
1755 2466 1811 2533 ea,
1843 2467 1948 2538 quae

288 2582 347 2651 eet
376 2581 462 2671 post
491 2578 653 2671 primaru
682 2578 808 2650 thesin
836 2581 896 2650 ter
925 2579 1235 2672 interpunctione
1263 2577 1437 2650 firmatur
1465 2580 1504 2649 iu
1532 2578 1621 2650 Th:
1654 2578 1742 2663 283,
1771 2570 1894 2670 γένθ’,
1927 2573 1948 2650 ὁ

289 2703 319 2780 δ’
348 2705 414 2807 ἄορ
443 2749 474 2800 -,
505 2711 593 2798 426,
614 2703 699 2795 coe,
721 2709 772 2781 ὅτι
792 2749 821 2798 -,
844 2711 932 2799 8ἵυ3,
954 2706 1046 2791 Ζευς
1066 2704 1107 2797 δ’,
1128 2705 1211 2781 ἐπεὶ
1230 2703 1293 2782 ούν
1312 2748 1341 2779 -.
1397 2711 1499 2796 Quae
1518 2712 1777 2805 interpunctio
1799 2711 1948 2806 ubique

290 2846 406 2940 igitur
434 2845 560 2938 posita
588 2849 647 2917 ost
675 2846 712 2915 in
743 2845 899 2918 elisione
918 2841 942 2915 ¹.
999 2844 1170 2918 Secunda
1197 2845 1391 2917 trochaica
1418 2867 1574 2918 caesura
1601 2846 1747 2917 tirmior
1765 2845 1950 2919 redditur

289 2979 346 3051 his
374 2979 412 3049 iu
442 2978 529 3072 Op:
560 2980 622 3064 θύ,
653 2972 767 3074 διῖνρον
796 2973 944 3071 ἄγοντα,
972 2976 1077 3050 θεῶν
1104 2972 1181 3048 κτλ.
1212 2972 1306 3051 43ύι
1337 2972 1442 3074 δρυὸς
1471 2970 1602 3075 ἔλυμα,
1626 2973 1722 3074 γύην
1741 2973 1818 3049 κτλ.
1877 2979 1949 3071 Ea,

291 3136 386 3205 quae
429 3116 487 3184 eet
524 3116 615 3215 post
643 3112 847 3185 secuudum
877 3113 1025 3206 pedem,
1055 3113 1177 3184 bisin
1208 3112 1289 3199 Th,
1319 3112 1436 3185 semel
1464 3113 1503 3183 in
1533 3111 1599 3205 Op.
1630 3113 1950 3206 interpunctione

290 3246 481 3317 firmatur:
512 3244 578 3317 'ru
611 3246 704 3318 322:
735 3239 761 3340 ἡ
790 3222 832 3315 ἀὲ
859 3243 1044 3342 χιμαίρης,
1072 3240 1099 3340 η
1129 3235 1287 3341 δ”ύφιος
1314 3239 1391 3314 κτλ.
1423 3246 1517 3318 554:
1547 3244 1694 3341 χώσατο
1723 3239 1765 3315 δέ
1792 3242 1951 3342 φρένας,

291 3372 382 3474 ἀμφὶ
411 3371 452 3447 δέ
481 3399 539 3475 μιν
566 3372 643 3449 κτλ.
700 3378 766 3472 Op.
805 3379 864 3463 10,
894 3379 1144 3452 antecedente
1174 3380 1212 3450 in
1241 3379 1365 3473 prirrra
1391 3380 1584 3452 trochaica
1612 3402 1767 3452 caesura
1794 3382 1953 3458 maiore
1994 3434 2004 3447 .

292 3511 621 3605 interpunctione:
652 3507 753 3608 τύνη·
784 3504 860 3605 ἐγὼ
890 3505 931 3581 δέ
959 3532 1014 3597 κε,
1044 3506 1183 3608 Πέρση,
1212 3506 1288 3582 κτλ.

397 3644 746 3719 Serninoveuariurn
776 3645 903 3717 firmat
932 3647 1189 3738 interpunctio
1219 3649 1369 3740 quatem
1404 3645 1460 3719 Sc.
1490 3648 1620 3736 semel,
1649 3648 1794 3722 maiore
1823 3649 1955 3726 inter·

292 3779 495 3871 punctione
523 3802 644 3866 usum,

532 3935 566 3984 v.
594 3885 666 3983 ιθ2ε
698 3904 868 4006 ἐννύχιος·
899 3909 996 4008 τάχα
1024 3904 1053 3982 δ’
1083 3902 1138 3994 ἷξε
1166 3906 1376 4010 Τυφαόνιον·
1406 3910 1518 3984 τόθεν
1547 3906 1648 3995 αύτις
1680 3961 1725 3968 --

399 4046 465 4139 (lp.
496 4049 568 4133 ter,
600 4046 667 4118 89:
699 4037 864 4153 αύταρύ
893 4035 1104 4143 δεξάμενος,
1134 4043 1194 4116 ύτε
1224 4041 1269 4142 δὴ
1298 4046 1411 4117 κακον
1441 4039 1520 4142 εἶχ’,
1550 4041 1696 4142 ἐνόησε.

576 4180 667 4251 ltro:
699 4172 924 4259 δυσκέλαδος
952 4178 1178 4277 κακόχαρτος
1207 4175 1421 4277 ὁμαρτήσει,
1452 4180 1706 4277 στυγερώπης.

574 4314 667 4384 lot:
699 4311 752 4408 μὴ
782 4308 826 4382 σὺ
856 4308 924 4409 μὲν
953 4307 1059 4409 αἰτῇς
1088 4308 1212 4398 ἄλλον,
1241 4308 1259 4384 ὁ
1288 4306 1318 4383 δ’
1348 4309 1513 4410 ἀρνῆται,
1544 4311 1587 4385 σὺ
1618 4308 1659 4384 δὲ
1686 4322 1783 4410 τητᾷ
1816 4363 1863 4374 -

400 4446 523 4520 Semel
565 4446 646 4533 Th„
689 4447 892 4519 secuudum
938 4447 1137 4520 llzuchiunr
1168 4448 1348 4541 aliosque,
1377 4441 1741 4522 firrniorem'reduit
1769 4453 1961 4544 quintam

294 4580 524 4653 trochaicam
554 4602 760 4667 caesura-ru,
789 4579 856 4652 Th.
888 4581 982 4652 832:

560 4708 693 4809 ταύρου
723 4705 935 4809 ἐριβρύχεω,
965 4708 1073 4811 μένος
1102 4708 1259 4809 ἀσχέτου
1288 4711 1413 4799 ὄσσαν,
1443 4709 1606 4811 ἀγαύρου
1640 4762 1698 4784 —.

295 4894 472 4904 m·-

407 4993 417 5030 ¹
440 4998 485 5057 De
508 4998 638 5058 Homero
661 5000 762 5058 confer
784 4998 962 5071 Hurteliunr,
988 4999 1011 5071 Ι,
1036 5020 1104 5078 pag.
1130 5001 1205 5059 438.
1312 5004 1327 5063 l
1382 5040 1386 5047 -
