<?xml version="1.0" encoding="UTF-8"?>
<!DOCTYPE html PUBLIC "-//W3C//DTD XHTML 1.0 Transitional//EN"
    "http://www.w3.org/TR/xhtml1/DTD/xhtml1-transitional.dtd">
<html xmlns="http://www.w3.org/1999/xhtml" xml:lang="en" lang="en">
 <head>
  <title>
</title>
<meta http-equiv="Content-Type" content="text/html;charset=utf-8" />
  <meta name='ocr-system' content='tesseract 3.04.00' />
  <meta name='ocr-capabilities' content='ocr_page ocr_carea ocr_par ocr_line ocrx_word'/>
</head>
<body>
  <div class='ocr_page' id='page_1' title='image "./studiahesiodeai00paulgoog_0019.png"; bbox 0 0 4464 6082; ppageno 0'>
   <div class='ocr_carea' id='block_1_1' title="bbox 284 320 1379 414">
    <p class='ocr_par' dir='ltr' id='par_1_1' title="bbox 284 320 1379 414">
     <span class='ocr_line' id='line_1_1' title="bbox 284 320 1379 414; baseline -0.003 0"><span class='ocrx_word' id='word_1_1' title='bbox 284 320 312 403; x_wconf 12' lang='lat'>8*</span> <span class='ocrx_word' id='word_1_2' title='bbox 822 353 883 414; x_wconf 88' lang='lat' dir='ltr'>Joh.</span> <span class='ocrx_word' id='word_1_3' title='bbox 904 353 1039 412; x_wconf 79' lang='lat' dir='ltr'>Paulson:</span> <span class='ocrx_word' id='word_1_4' title='bbox 1059 352 1158 413; x_wconf 83' lang='lat' dir='ltr'>Studia</span> <span class='ocrx_word' id='word_1_5' title='bbox 1177 352 1321 413; x_wconf 79' lang='lat' dir='ltr'><strong>Hesiodea.</strong></span> <span class='ocrx_word' id='word_1_6' title='bbox 1358 353 1379 412; x_wconf 91' lang='lat' dir='ltr'>I.</span> 
     </span>
    </p>
   </div>
   <div class='ocr_carea' id='block_1_2' title="bbox 282 541 1933 638">
    <p class='ocr_par' dir='ltr' id='par_1_2' title="bbox 282 541 1933 638">
     <span class='ocr_line' id='line_1_2' title="bbox 282 541 1933 638; baseline 0 -22"><span class='ocrx_word' id='word_1_7' title='bbox 282 544 420 616; x_wconf 91' lang='lat' dir='ltr'>mirum</span> <span class='ocrx_word' id='word_1_8' title='bbox 448 566 525 616; x_wconf 91' lang='lat' dir='ltr'>non</span> <span class='ocrx_word' id='word_1_9' title='bbox 555 543 668 616; x_wconf 90' lang='lat' dir='ltr'>debet</span> <span class='ocrx_word' id='word_1_10' title='bbox 697 544 817 617; x_wconf 84' lang='lat' dir='ltr'>videri</span> <span class='ocrx_word' id='word_1_11' title='bbox 837 545 1023 617; x_wconf 89' lang='lat' dir='ltr'>rariorem</span> <span class='ocrx_word' id='word_1_12' title='bbox 1050 566 1130 617; x_wconf 89' lang='lat' dir='ltr'>esse</span> <span class='ocrx_word' id='word_1_13' title='bbox 1149 543 1358 638; x_wconf 90' lang='lat' dir='ltr'>spondeum</span> <span class='ocrx_word' id='word_1_14' title='bbox 1377 544 1485 617; x_wconf 87' lang='lat' dir='ltr'>tertii</span> <span class='ocrx_word' id='word_1_15' title='bbox 1505 543 1611 638; x_wconf 88' lang='lat' dir='ltr'>pedis</span> <span class='ocrx_word' id='word_1_16' title='bbox 1631 544 1770 617; x_wconf 88' lang='lat' dir='ltr'>talibus</span> <span class='ocrx_word' id='word_1_17' title='bbox 1788 541 1933 638; x_wconf 85' lang='lat' dir='ltr'>legibus</span> 
     </span>
    </p>
   </div>
   <div class='ocr_carea' id='block_1_3' title="bbox 210 673 1944 4253">
    <p class='ocr_par' dir='ltr' id='par_1_3' title="bbox 210 673 1944 3965">
     <span class='ocr_line' id='line_1_3' title="bbox 282 673 1933 773; baseline -0.002 -21"><span class='ocrx_word' id='word_1_18' title='bbox 282 678 606 772; x_wconf 87' lang='lat' dir='ltr'>circumscriptum</span> <span class='ocrx_word' id='word_1_19' title='bbox 626 673 650 751; x_wconf 82' lang='lat'>¹.</span> <span class='ocrx_word' id='word_1_20' title='bbox 708 678 891 763; x_wconf 83' lang='lat' dir='ltr'>erartum</span> <span class='ocrx_word' id='word_1_21' title='bbox 921 701 1011 752; x_wconf 87' lang='lat' dir='ltr'>vero</span> <span class='ocrx_word' id='word_1_22' title='bbox 1040 679 1177 773; x_wconf 89' lang='lat' dir='ltr'>pedem</span> <span class='ocrx_word' id='word_1_23' title='bbox 1210 702 1288 751; x_wconf 92' lang='lat' dir='ltr'>non</span> <span class='ocrx_word' id='word_1_24' title='bbox 1309 678 1474 751; x_wconf 82' lang='lat' dir='ltr'>abnuere</span> <span class='ocrx_word' id='word_1_25' title='bbox 1501 679 1709 773; x_wconf 89' lang='lat' dir='ltr'>spondeum</span> <span class='ocrx_word' id='word_1_26' title='bbox 1730 680 1854 752; x_wconf 91' lang='lat' dir='ltr'>elucet</span> <span class='ocrx_word' id='word_1_27' title='bbox 1873 679 1933 751; x_wconf 89' lang='lat' dir='ltr'>vel</span> 
     </span>
     <span class='ocr_line' id='line_1_4' title="bbox 283 813 1932 908; baseline -0.002 -23"><span class='ocrx_word' id='word_1_28' title='bbox 283 835 328 885; x_wconf 89' lang='lat' dir='ltr'>ex</span> <span class='ocrx_word' id='word_1_29' title='bbox 358 835 402 885; x_wconf 89' lang='lat' dir='ltr'>ea</span> <span class='ocrx_word' id='word_1_30' title='bbox 429 835 483 900; x_wconf 90' lang='lat' dir='ltr'>re,</span> <span class='ocrx_word' id='word_1_31' title='bbox 514 813 615 905; x_wconf 91' lang='lat' dir='ltr'>quod</span> <span class='ocrx_word' id='word_1_32' title='bbox 643 813 789 906; x_wconf 86' lang='lat' dir='ltr'>positus</span> <span class='ocrx_word' id='word_1_33' title='bbox 817 816 876 884; x_wconf 89' lang='lat' dir='ltr'>est</span> <span class='ocrx_word' id='word_1_34' title='bbox 904 813 1006 885; x_wconf 88' lang='lat' dir='ltr'>inter</span> <span class='ocrx_word' id='word_1_35' title='bbox 1035 813 1160 906; x_wconf 78' lang='lat' dir='ltr'>pedeS,</span> <span class='ocrx_word' id='word_1_36' title='bbox 1200 813 1263 905; x_wconf 90' lang='lat' dir='ltr'>qui</span> <span class='ocrx_word' id='word_1_37' title='bbox 1291 814 1427 886; x_wconf 91' lang='lat' dir='ltr'>ceteris</span> <span class='ocrx_word' id='word_1_38' title='bbox 1456 814 1576 907; x_wconf 82' lang='lat' dir='ltr'>magis</span> <span class='ocrx_word' id='word_1_39' title='bbox 1609 813 1781 908; x_wconf 87' lang='lat' dir='ltr'>dactylos</span> <span class='ocrx_word' id='word_1_40' title='bbox 1808 813 1932 906; x_wconf 92' lang='lat' dir='ltr'>requi-</span> 
     </span>
     <span class='ocr_line' id='line_1_5' title="bbox 283 940 1932 1041; baseline 0.001 -24"><span class='ocrx_word' id='word_1_41' title='bbox 283 950 374 1018; x_wconf 90' lang='lat' dir='ltr'>runt</span> <span class='ocrx_word' id='word_1_42' title='bbox 391 940 422 1034; x_wconf 75' lang='lat'>2;</span> <span class='ocrx_word' id='word_1_43' title='bbox 453 949 509 1033; x_wconf 89' lang='lat' dir='ltr'>ut,</span> <span class='ocrx_word' id='word_1_44' title='bbox 538 947 706 1040; x_wconf 79' lang='lat' dir='ltr'>spondeo</span> <span class='ocrx_word' id='word_1_45' title='bbox 736 947 775 1018; x_wconf 90' lang='lat' dir='ltr'>in</span> <span class='ocrx_word' id='word_1_46' title='bbox 803 947 873 1018; x_wconf 86' lang='lat' dir='ltr'>hac</span> <span class='ocrx_word' id='word_1_47' title='bbox 901 947 990 1019; x_wconf 90' lang='lat' dir='ltr'>sede</span> <span class='ocrx_word' id='word_1_48' title='bbox 1019 946 1217 1033; x_wconf 87' lang='lat' dir='ltr'>collocato,</span> <span class='ocrx_word' id='word_1_49' title='bbox 1248 970 1334 1019; x_wconf 89' lang='lat' dir='ltr'>raro</span> <span class='ocrx_word' id='word_1_50' title='bbox 1354 969 1394 1020; x_wconf 89' lang='lat' dir='ltr'>se</span> <span class='ocrx_word' id='word_1_51' title='bbox 1414 948 1606 1041; x_wconf 82' lang='lat' dir='ltr'>excipiant</span> <span class='ocrx_word' id='word_1_52' title='bbox 1638 947 1780 1019; x_wconf 83' lang='lat' dir='ltr'>similes</span> <span class='ocrx_word' id='word_1_53' title='bbox 1806 947 1932 1041; x_wconf 90' lang='lat' dir='ltr'>pedes.</span> 
     </span>
     <span class='ocr_line' id='line_1_6' title="bbox 283 1079 1933 1175; baseline 0.001 -25"><span class='ocrx_word' id='word_1_54' title='bbox 283 1079 442 1165; x_wconf 77' lang='lat' dir='ltr'>Quintus</span> <span class='ocrx_word' id='word_1_55' title='bbox 471 1083 599 1152; x_wconf 88' lang='lat' dir='ltr'>autem</span> <span class='ocrx_word' id='word_1_56' title='bbox 628 1103 694 1174; x_wconf 90' lang='lat' dir='ltr'>pes</span> <span class='ocrx_word' id='word_1_57' title='bbox 723 1080 893 1160; x_wconf 89' lang='lat' dir='ltr'>omnium</span> <span class='ocrx_word' id='word_1_58' title='bbox 929 1084 987 1152; x_wconf 89' lang='lat' dir='ltr'>est</span> <span class='ocrx_word' id='word_1_59' title='bbox 1029 1080 1279 1153; x_wconf 80' lang='lat' dir='ltr'>alienissimus</span> <span class='ocrx_word' id='word_1_60' title='bbox 1307 1105 1330 1152; x_wconf 92' lang='lat' dir='ltr'>a</span> <span class='ocrx_word' id='word_1_61' title='bbox 1357 1081 1539 1175; x_wconf 89' lang='lat' dir='ltr'>spondeo,</span> <span class='ocrx_word' id='word_1_62' title='bbox 1583 1083 1762 1175; x_wconf 88' lang='lat' dir='ltr'>quoniam</span> <span class='ocrx_word' id='word_1_63' title='bbox 1791 1104 1933 1168; x_wconf 91' lang='lat' dir='ltr'>versus,</span> 
     </span>
     <span class='ocr_line' id='line_1_7' title="bbox 283 1214 1933 1310; baseline 0.001 -26"><span class='ocrx_word' id='word_1_64' title='bbox 283 1214 347 1307; x_wconf 92' lang='lat' dir='ltr'>qui</span> <span class='ocrx_word' id='word_1_65' title='bbox 388 1215 428 1285; x_wconf 90' lang='lat' dir='ltr'>in</span> <span class='ocrx_word' id='word_1_66' title='bbox 470 1214 541 1286; x_wconf 92' lang='lat' dir='ltr'>hoc</span> <span class='ocrx_word' id='word_1_67' title='bbox 584 1214 679 1307; x_wconf 90' lang='lat' dir='ltr'>pede</span> <span class='ocrx_word' id='word_1_68' title='bbox 721 1214 908 1308; x_wconf 90' lang='lat' dir='ltr'>spondeos</span> <span class='ocrx_word' id='word_1_69' title='bbox 950 1218 1146 1308; x_wconf 88' lang='lat' dir='ltr'>usurpant,</span> <span class='ocrx_word' id='word_1_70' title='bbox 1189 1237 1311 1309; x_wconf 91' lang='lat' dir='ltr'>paene</span> <span class='ocrx_word' id='word_1_71' title='bbox 1353 1216 1392 1286; x_wconf 92' lang='lat' dir='ltr'>in</span> <span class='ocrx_word' id='word_1_72' title='bbox 1427 1214 1650 1310; x_wconf 73' lang='lat' dir='ltr'>rhythmum</span> <span class='ocrx_word' id='word_1_73' title='bbox 1688 1214 1933 1309; x_wconf 91' lang='lat' dir='ltr'>spondaicum</span> 
     </span>
     <span class='ocr_line' id='line_1_8' title="bbox 283 1327 1933 1441; baseline 0.001 -22"><span class='ocrx_word' id='word_1_74' title='bbox 283 1347 441 1435; x_wconf 88' lang='lat' dir='ltr'>abeuut;</span> <span class='ocrx_word' id='word_1_75' title='bbox 485 1351 528 1418; x_wconf 91' lang='lat' dir='ltr'>ut</span> <span class='ocrx_word' id='word_1_76' title='bbox 570 1349 686 1420; x_wconf 86' lang='lat' dir='ltr'>etiam</span> <span class='ocrx_word' id='word_1_77' title='bbox 727 1348 922 1441; x_wconf 88' lang='lat' dir='ltr'>spondaici</span> <span class='ocrx_word' id='word_1_78' title='bbox 964 1327 1181 1420; x_wconf 59' lang='lat' dir='ltr'>vocantur)</span> <span class='ocrx_word' id='word_1_79' title='bbox 1231 1348 1337 1434; x_wconf 82' lang='lat' dir='ltr'>Quod</span> <span class='ocrx_word' id='word_1_80' title='bbox 1373 1348 1470 1421; x_wconf 89' lang='lat' dir='ltr'>tales</span> <span class='ocrx_word' id='word_1_81' title='bbox 1498 1371 1628 1421; x_wconf 87' lang='lat' dir='ltr'>versus</span> <span class='ocrx_word' id='word_1_82' title='bbox 1656 1348 1933 1441; x_wconf 81' lang='lat' dir='ltr'>frequentiores</span> 
     </span>
     <span class='ocr_line' id='line_1_9' title="bbox 282 1480 1934 1577; baseline 0 -24"><span class='ocrx_word' id='word_1_83' title='bbox 282 1485 372 1553; x_wconf 90' lang='lat' dir='ltr'>sunt</span> <span class='ocrx_word' id='word_1_84' title='bbox 409 1482 449 1552; x_wconf 88' lang='lat' dir='ltr'>in</span> <span class='ocrx_word' id='word_1_85' title='bbox 484 1481 539 1554; x_wconf 89' lang='lat' dir='ltr'>Sc.</span> <span class='ocrx_word' id='word_1_86' title='bbox 575 1505 688 1575; x_wconf 86' lang='lat' dir='ltr'>quam</span> <span class='ocrx_word' id='word_1_87' title='bbox 716 1483 755 1553; x_wconf 93' lang='lat' dir='ltr'>in</span> <span class='ocrx_word' id='word_1_88' title='bbox 779 1483 921 1577; x_wconf 84' lang='lat' dir='ltr'>¹ceteris</span> <span class='ocrx_word' id='word_1_89' title='bbox 949 1483 1177 1554; x_wconf 80' lang='lat' dir='ltr'>carminibus</span> <span class='ocrx_word' id='word_1_90' title='bbox 1202 1483 1427 1554; x_wconf 83' lang='lat' dir='ltr'>examinatis</span> <span class='ocrx_word' id='word_1_91' title='bbox 1456 1480 1586 1576; x_wconf 89' lang='lat' dir='ltr'>(duplo</span> <span class='ocrx_word' id='word_1_92' title='bbox 1616 1483 1695 1554; x_wconf 92' lang='lat' dir='ltr'>fere</span> <span class='ocrx_word' id='word_1_93' title='bbox 1725 1483 1934 1555; x_wconf 83' lang='lat' dir='ltr'>crebriores</span> 
     </span>
     <span class='ocr_line' id='line_1_10' title="bbox 284 1614 1933 1710; baseline -0.001 -23"><span class='ocrx_word' id='word_1_94' title='bbox 284 1639 397 1709; x_wconf 92' lang='lat' dir='ltr'>quam</span> <span class='ocrx_word' id='word_1_95' title='bbox 425 1617 464 1686; x_wconf 92' lang='lat' dir='ltr'>in</span> <span class='ocrx_word' id='word_1_96' title='bbox 492 1615 534 1687; x_wconf 92' lang='lat' dir='ltr'>ll.</span> <span class='ocrx_word' id='word_1_97' title='bbox 564 1614 609 1703; x_wconf 85' lang='grc' dir='ltr'>Ι),</span> <span class='ocrx_word' id='word_1_98' title='bbox 638 1615 729 1688; x_wconf 90' lang='lat' dir='ltr'>licet</span> <span class='ocrx_word' id='word_1_99' title='bbox 757 1638 913 1688; x_wconf 91' lang='lat' dir='ltr'>monere</span> <span class='ocrx_word' id='word_1_100' title='bbox 943 1639 1073 1688; x_wconf 91' lang='lat' dir='ltr'>eorum</span> <span class='ocrx_word' id='word_1_101' title='bbox 1102 1616 1358 1708; x_wconf 75' lang='lat' dir='ltr'>frequentiam</span> <span class='ocrx_word' id='word_1_102' title='bbox 1377 1617 1497 1709; x_wconf 84' lang='lat' dir='ltr'>magis</span> <span class='ocrx_word' id='word_1_103' title='bbox 1516 1618 1709 1710; x_wconf 85' lang='lat' dir='ltr'>magisque</span> <span class='ocrx_word' id='word_1_104' title='bbox 1729 1617 1785 1687; x_wconf 89' lang='lat' dir='ltr'>ita</span> <span class='ocrx_word' id='word_1_105' title='bbox 1803 1617 1933 1710; x_wconf 81' lang='lat' dir='ltr'>augeri</span> 
     </span>
     <span class='ocr_line' id='line_1_11' title="bbox 210 1748 1934 1844; baseline 0.001 -24"><span class='ocrx_word' id='word_1_106' title='bbox 210 1823 213 1828; x_wconf 73' lang='grc'><strong>,</strong></span> <span class='ocrx_word' id='word_1_107' title='bbox 283 1754 327 1822; x_wconf 92' lang='lat' dir='ltr'>ut</span> <span class='ocrx_word' id='word_1_108' title='bbox 368 1748 712 1821; x_wconf 84' lang='lat' dir='ltr'>Alexandrinorum</span> <span class='ocrx_word' id='word_1_109' title='bbox 753 1750 990 1843; x_wconf 84' lang='lat' dir='ltr'>temporibus</span> <span class='ocrx_word' id='word_1_110' title='bbox 1033 1751 1189 1844; x_wconf 88' lang='lat' dir='ltr'>quintae</span> <span class='ocrx_word' id='word_1_111' title='bbox 1231 1749 1330 1821; x_wconf 90' lang='lat' dir='ltr'>sedis</span> <span class='ocrx_word' id='word_1_112' title='bbox 1367 1750 1525 1844; x_wconf 88' lang='lat' dir='ltr'>spondei</span> <span class='ocrx_word' id='word_1_113' title='bbox 1555 1750 1749 1823; x_wconf 91' lang='lat' dir='ltr'>interdum</span> <span class='ocrx_word' id='word_1_114' title='bbox 1778 1751 1934 1823; x_wconf 89' lang='lat' dir='ltr'>vincant</span> 
     </span>
     <span class='ocr_line' id='line_1_12' title="bbox 284 1863 1932 1978; baseline -0.002 -21"><span class='ocrx_word' id='word_1_115' title='bbox 284 1906 360 1971; x_wconf 82' lang='lat' dir='ltr'>eoa,</span> <span class='ocrx_word' id='word_1_116' title='bbox 391 1907 484 1977; x_wconf 91' lang='lat' dir='ltr'>quos</span> <span class='ocrx_word' id='word_1_117' title='bbox 511 1884 629 1956; x_wconf 87' lang='lat' dir='ltr'>tertia</span> <span class='ocrx_word' id='word_1_118' title='bbox 657 1883 764 1956; x_wconf 88' lang='lat' dir='ltr'>sedes</span> <span class='ocrx_word' id='word_1_119' title='bbox 793 1883 958 1957; x_wconf 89' lang='lat' dir='ltr'>exhibet.</span> <span class='ocrx_word' id='word_1_120' title='bbox 1016 1883 1193 1956; x_wconf 84' lang='lat' dir='ltr'>Ludwiclr</span> <span class='ocrx_word' id='word_1_121' title='bbox 1211 1882 1260 1971; x_wconf 91' lang='grc' dir='ltr'>Π,</span> <span class='ocrx_word' id='word_1_122' title='bbox 1281 1906 1366 1978; x_wconf 81' lang='lat' dir='ltr'>pag.</span> <span class='ocrx_word' id='word_1_123' title='bbox 1390 1885 1476 1956; x_wconf 87' lang='grc'><strong>330.</strong></span> <span class='ocrx_word' id='word_1_124' title='bbox 1533 1883 1694 1956; x_wconf 90' lang='lat' dir='ltr'>Videtur</span> <span class='ocrx_word' id='word_1_125' title='bbox 1713 1863 1803 1956; x_wconf 86' lang='lat' dir='ltr'>sane</span> <span class='ocrx_word' id='word_1_126' title='bbox 1822 1906 1932 1976; x_wconf 90' lang='lat' dir='ltr'>spon-</span> 
     </span>
     <span class='ocr_line' id='line_1_13' title="bbox 284 2016 1933 2112; baseline -0.002 -21"><span class='ocrx_word' id='word_1_127' title='bbox 284 2018 441 2091; x_wconf 90' lang='lat' dir='ltr'>deorum</span> <span class='ocrx_word' id='word_1_128' title='bbox 484 2019 639 2112; x_wconf 91' lang='lat' dir='ltr'>quintae</span> <span class='ocrx_word' id='word_1_129' title='bbox 681 2017 779 2090; x_wconf 90' lang='lat' dir='ltr'>sedis</span> <span class='ocrx_word' id='word_1_130' title='bbox 821 2016 1046 2111; x_wconf 84' lang='lat' dir='ltr'>frequentia,</span> <span class='ocrx_word' id='word_1_131' title='bbox 1091 2042 1164 2112; x_wconf 91' lang='lat' dir='ltr'>quo</span> <span class='ocrx_word' id='word_1_132' title='bbox 1207 2019 1362 2112; x_wconf 90' lang='lat' dir='ltr'>propius</span> <span class='ocrx_word' id='word_1_133' title='bbox 1391 2017 1602 2090; x_wconf 87' lang='lat' dir='ltr'>accedimus</span> <span class='ocrx_word' id='word_1_134' title='bbox 1636 2018 1684 2089; x_wconf 88' lang='lat' dir='ltr'>ad</span> <span class='ocrx_word' id='word_1_135' title='bbox 1712 2016 1933 2090; x_wconf 78' lang='lat' dir='ltr'>Alexandri-</span> 
     </span>
     <span class='ocr_line' id='line_1_14' title="bbox 271 2150 1934 2244; baseline -0.002 -18"><span class='ocrx_word' id='word_1_136' title='bbox 271 2175 420 2227; x_wconf 90' lang='lat' dir='ltr'>norum</span> <span class='ocrx_word' id='word_1_137' title='bbox 448 2154 629 2239; x_wconf 88' lang='lat' dir='ltr'>aetatem,</span> <span class='ocrx_word' id='word_1_138' title='bbox 660 2174 704 2225; x_wconf 91' lang='lat' dir='ltr'>eo</span> <span class='ocrx_word' id='word_1_139' title='bbox 733 2152 853 2244; x_wconf 82' lang='lat' dir='ltr'>magis</span> <span class='ocrx_word' id='word_1_140' title='bbox 881 2152 1023 2244; x_wconf 85' lang='lat' dir='ltr'>augeri,</span> <span class='ocrx_word' id='word_1_141' title='bbox 1054 2175 1168 2244; x_wconf 90' lang='lat' dir='ltr'>quum</span> <span class='ocrx_word' id='word_1_142' title='bbox 1197 2153 1299 2224; x_wconf 90' lang='lat' dir='ltr'>inter</span> <span class='ocrx_word' id='word_1_143' title='bbox 1328 2152 1497 2225; x_wconf 90' lang='lat' dir='ltr'>carmina</span> <span class='ocrx_word' id='word_1_144' title='bbox 1524 2151 1714 2225; x_wconf 86' lang='lat' dir='ltr'>Hesiodea</span> <span class='ocrx_word' id='word_1_145' title='bbox 1733 2150 1802 2235; x_wconf 81' lang='lat' dir='ltr'>Sc,</span> <span class='ocrx_word' id='word_1_146' title='bbox 1834 2151 1934 2244; x_wconf 92' lang='lat' dir='ltr'>quod</span> 
     </span>
     <span class='ocr_line' id='line_1_15' title="bbox 284 2285 1933 2379; baseline -0.002 -19"><span class='ocrx_word' id='word_1_147' title='bbox 284 2287 421 2360; x_wconf 87' lang='lat' dir='ltr'>ceteris</span> <span class='ocrx_word' id='word_1_148' title='bbox 449 2286 674 2358; x_wconf 84' lang='lat' dir='ltr'>recentioris</span> <span class='ocrx_word' id='word_1_149' title='bbox 702 2285 887 2379; x_wconf 88' lang='lat' dir='ltr'>temporis</span> <span class='ocrx_word' id='word_1_150' title='bbox 916 2288 986 2373; x_wconf 90' lang='lat' dir='ltr'>est,</span> <span class='ocrx_word' id='word_1_151' title='bbox 1016 2286 1204 2378; x_wconf 88' lang='lat' dir='ltr'>imprimis</span> <span class='ocrx_word' id='word_1_152' title='bbox 1232 2308 1296 2358; x_wconf 91' lang='lat' dir='ltr'>eos</span> <span class='ocrx_word' id='word_1_153' title='bbox 1324 2286 1561 2378; x_wconf 77' lang='lat' dir='ltr'>frequentet,</span> <span class='ocrx_word' id='word_1_154' title='bbox 1593 2286 1787 2379; x_wconf 79' lang='lat' dir='ltr'>magisque</span> <span class='ocrx_word' id='word_1_155' title='bbox 1816 2285 1933 2357; x_wconf 87' lang='lat' dir='ltr'>etiam</span> 
     </span>
     <span class='ocr_line' id='line_1_16' title="bbox 285 2393 1944 2514; baseline -0.002 -22"><span class='ocrx_word' id='word_1_156' title='bbox 285 2421 440 2492; x_wconf 90' lang='lat' dir='ltr'>omnino</span> <span class='ocrx_word' id='word_1_157' title='bbox 470 2419 613 2514; x_wconf 87' lang='lat' dir='ltr'>Hymni</span> <span class='ocrx_word' id='word_1_158' title='bbox 640 2418 673 2490; x_wconf 87' lang='lat' dir='ltr'>V</span> <span class='ocrx_word' id='word_1_159' title='bbox 702 2420 859 2513; x_wconf 69' lang='lat' dir='ltr'>priores</span> <span class='ocrx_word' id='word_1_160' title='bbox 891 2418 977 2491; x_wconf 89' lang='lat' dir='ltr'>vide</span> <span class='ocrx_word' id='word_1_161' title='bbox 1006 2442 1090 2512; x_wconf 82' lang='lat' dir='ltr'>pag.</span> <span class='ocrx_word' id='word_1_162' title='bbox 1116 2419 1150 2507; x_wconf 86' lang='grc'>6,</span> <span class='ocrx_word' id='word_1_163' title='bbox 1172 2443 1208 2492; x_wconf 91' lang='lat' dir='ltr'>n.</span> <span class='ocrx_word' id='word_1_164' title='bbox 1232 2420 1271 2506; x_wconf 81' lang='lat'>2;</span> <span class='ocrx_word' id='word_1_165' title='bbox 1303 2420 1365 2512; x_wconf 92' lang='lat' dir='ltr'>qui</span> <span class='ocrx_word' id='word_1_166' title='bbox 1385 2419 1456 2491; x_wconf 89' lang='lat' dir='ltr'>hoc</span> <span class='ocrx_word' id='word_1_167' title='bbox 1475 2419 1630 2491; x_wconf 90' lang='lat' dir='ltr'>nomine</span> <span class='ocrx_word' id='word_1_168' title='bbox 1650 2420 1701 2491; x_wconf 90' lang='lat' dir='ltr'>sic</span> <span class='ocrx_word' id='word_1_169' title='bbox 1720 2442 1760 2491; x_wconf 87' lang='lat' dir='ltr'>se</span> <span class='ocrx_word' id='word_1_170' title='bbox 1780 2393 1944 2505; x_wconf 67' lang='lat' dir='ltr'>habent,</span> 
     </span>
     <span class='ocr_line' id='line_1_17' title="bbox 276 2549 1936 2648; baseline 0.001 -28"><span class='ocrx_word' id='word_1_171' title='bbox 276 2557 328 2625; x_wconf 80' lang='lat' dir='ltr'>..ut</span> <span class='ocrx_word' id='word_1_172' title='bbox 355 2552 409 2624; x_wconf 92' lang='grc' dir='ltr'>ΠΙ</span> <span class='ocrx_word' id='word_1_173' title='bbox 437 2553 599 2648; x_wconf 87' lang='lat' dir='ltr'>hymnus</span> <span class='ocrx_word' id='word_1_174' title='bbox 627 2554 800 2647; x_wconf 86' lang='lat' dir='ltr'>proxime</span> <span class='ocrx_word' id='word_1_175' title='bbox 828 2552 983 2626; x_wconf 88' lang='lat' dir='ltr'>accedat</span> <span class='ocrx_word' id='word_1_176' title='bbox 1011 2553 1059 2625; x_wconf 87' lang='lat' dir='ltr'>ad</span> <span class='ocrx_word' id='word_1_177' title='bbox 1087 2552 1168 2640; x_wconf 75' lang='lat' dir='ltr'>&#39;l¹h.‚</span> <span class='ocrx_word' id='word_1_178' title='bbox 1198 2554 1316 2626; x_wconf 88' lang='lat' dir='ltr'>ceteri</span> <span class='ocrx_word' id='word_1_179' title='bbox 1344 2552 1415 2626; x_wconf 90' lang='lat' dir='ltr'>hoc</span> <span class='ocrx_word' id='word_1_180' title='bbox 1444 2553 1577 2625; x_wconf 91' lang='lat' dir='ltr'>ordine</span> <span class='ocrx_word' id='word_1_181' title='bbox 1604 2551 1668 2639; x_wconf 84' lang='lat' dir='ltr'>IV,</span> <span class='ocrx_word' id='word_1_182' title='bbox 1696 2551 1745 2640; x_wconf 91' lang='lat' dir='ltr'>II,</span> <span class='ocrx_word' id='word_1_183' title='bbox 1773 2551 1802 2639; x_wconf 93' lang='grc' dir='ltr'>Ι,</span> <span class='ocrx_word' id='word_1_184' title='bbox 1829 2549 1936 2636; x_wconf 88' lang='lat' dir='ltr'>V(in</span> 
     </span>
     <span class='ocr_line' id='line_1_18' title="bbox 285 2685 1935 2781; baseline -0.002 -22"><span class='ocrx_word' id='word_1_185' title='bbox 285 2710 359 2781; x_wconf 93' lang='lat' dir='ltr'>quo</span> <span class='ocrx_word' id='word_1_186' title='bbox 388 2710 465 2759; x_wconf 94' lang='lat' dir='ltr'>non</span> <span class='ocrx_word' id='word_1_187' title='bbox 494 2688 605 2781; x_wconf 79' lang='lat' dir='ltr'>longe</span> <span class='ocrx_word' id='word_1_188' title='bbox 634 2687 736 2759; x_wconf 91' lang='lat' dir='ltr'>inter</span> <span class='ocrx_word' id='word_1_189' title='bbox 764 2709 804 2759; x_wconf 90' lang='lat' dir='ltr'>se</span> <span class='ocrx_word' id='word_1_190' title='bbox 833 2686 978 2758; x_wconf 90' lang='lat' dir='ltr'>distant</span> <span class='ocrx_word' id='word_1_191' title='bbox 1005 2687 1145 2759; x_wconf 87' lang='lat' dir='ltr'>tertiae</span> <span class='ocrx_word' id='word_1_192' title='bbox 1180 2691 1219 2759; x_wconf 89' lang='lat' dir='ltr'>et</span> <span class='ocrx_word' id='word_1_193' title='bbox 1248 2688 1402 2780; x_wconf 87' lang='lat' dir='ltr'>quintae</span> <span class='ocrx_word' id='word_1_194' title='bbox 1431 2686 1530 2759; x_wconf 89' lang='lat' dir='ltr'>sedis</span> <span class='ocrx_word' id='word_1_195' title='bbox 1559 2686 1733 2780; x_wconf 87' lang='lat' dir='ltr'>spondei)</span> <span class='ocrx_word' id='word_1_196' title='bbox 1776 2685 1831 2758; x_wconf 89' lang='lat' dir='ltr'>Sc.</span> <span class='ocrx_word' id='word_1_197' title='bbox 1861 2686 1935 2757; x_wconf 92' lang='lat' dir='ltr'>fre·</span> 
     </span>
     <span class='ocr_line' id='line_1_19' title="bbox 285 2819 1937 2915; baseline -0.001 -23"><span class='ocrx_word' id='word_1_198' title='bbox 285 2823 441 2914; x_wconf 91' lang='lat' dir='ltr'>quentia</span> <span class='ocrx_word' id='word_1_199' title='bbox 481 2821 737 2914; x_wconf 86' lang='lat' dir='ltr'>spondeorum</span> <span class='ocrx_word' id='word_1_200' title='bbox 780 2821 903 2914; x_wconf 91' lang='lat' dir='ltr'>quinti</span> <span class='ocrx_word' id='word_1_201' title='bbox 938 2821 1044 2914; x_wconf 91' lang='lat' dir='ltr'>pedis</span> <span class='ocrx_word' id='word_1_202' title='bbox 1085 2824 1278 2915; x_wconf 90' lang='lat' dir='ltr'>superent.</span> <span class='ocrx_word' id='word_1_203' title='bbox 1335 2819 1407 2893; x_wconf 85' lang='lat' dir='ltr'>Sed</span> <span class='ocrx_word' id='word_1_204' title='bbox 1450 2822 1566 2892; x_wconf 90' lang='lat' dir='ltr'>etiam</span> <span class='ocrx_word' id='word_1_205' title='bbox 1608 2820 1811 2893; x_wconf 88' lang='lat' dir='ltr'>observare</span> <span class='ocrx_word' id='word_1_206' title='bbox 1847 2820 1937 2892; x_wconf 89' lang='lat' dir='ltr'>licet</span> 
     </span>
     <span class='ocr_line' id='line_1_20' title="bbox 285 2953 1935 3049; baseline -0.002 -21"><span class='ocrx_word' id='word_1_207' title='bbox 285 2955 444 3028; x_wconf 89' lang='lat' dir='ltr'>eandem</span> <span class='ocrx_word' id='word_1_208' title='bbox 473 2959 641 3027; x_wconf 87' lang='lat' dir='ltr'>aetatem</span> <span class='ocrx_word' id='word_1_209' title='bbox 670 2955 744 3026; x_wconf 85' lang='lat' dir='ltr'>alia</span> <span class='ocrx_word' id='word_1_210' title='bbox 772 2955 941 3027; x_wconf 88' lang='lat' dir='ltr'>carmina</span> <span class='ocrx_word' id='word_1_211' title='bbox 959 2954 1153 3049; x_wconf 86' lang='lat' dir='ltr'>praebere,</span> <span class='ocrx_word' id='word_1_212' title='bbox 1175 2976 1270 3048; x_wconf 87' lang='lat' dir='ltr'>quae</span> <span class='ocrx_word' id='word_1_213' title='bbox 1291 2954 1445 3047; x_wconf 86' lang='lat' dir='ltr'>quintae</span> <span class='ocrx_word' id='word_1_214' title='bbox 1464 2953 1562 3026; x_wconf 88' lang='lat' dir='ltr'>sedis</span> <span class='ocrx_word' id='word_1_215' title='bbox 1582 2954 1769 3047; x_wconf 91' lang='lat' dir='ltr'>spondeos</span> <span class='ocrx_word' id='word_1_216' title='bbox 1789 2954 1935 3026; x_wconf 85' lang='lat' dir='ltr'>evitare</span> 
     </span>
     <span class='ocr_line' id='line_1_21' title="bbox 285 3086 1935 3183; baseline -0.002 -21"><span class='ocrx_word' id='word_1_217' title='bbox 285 3092 488 3176; x_wconf 88' lang='lat' dir='ltr'>conantur;</span> <span class='ocrx_word' id='word_1_218' title='bbox 519 3090 623 3162; x_wconf 90' lang='lat' dir='ltr'>cuius</span> <span class='ocrx_word' id='word_1_219' title='bbox 652 3089 707 3161; x_wconf 92' lang='lat' dir='ltr'>rei</span> <span class='ocrx_word' id='word_1_220' title='bbox 736 3089 910 3181; x_wconf 86' lang='lat' dir='ltr'>exempla</span> <span class='ocrx_word' id='word_1_221' title='bbox 938 3088 1068 3161; x_wconf 89' lang='lat' dir='ltr'>videre</span> <span class='ocrx_word' id='word_1_222' title='bbox 1087 3089 1177 3160; x_wconf 89' lang='lat' dir='ltr'>licet</span> <span class='ocrx_word' id='word_1_223' title='bbox 1196 3088 1295 3181; x_wconf 89' lang='lat' dir='ltr'>apud</span> <span class='ocrx_word' id='word_1_224' title='bbox 1316 3088 1572 3160; x_wconf 84' lang='lat' dir='ltr'>Ludwichium</span> <span class='ocrx_word' id='word_1_225' title='bbox 1587 3086 1635 3177; x_wconf 89' lang='lat' dir='ltr'>II,</span> <span class='ocrx_word' id='word_1_226' title='bbox 1656 3111 1741 3183; x_wconf 86' lang='lat' dir='ltr'>pag.</span> <span class='ocrx_word' id='word_1_227' title='bbox 1760 3089 1834 3159; x_wconf 79' lang='lat'>327</span> <span class='ocrx_word' id='word_1_228' title='bbox 1856 3110 1935 3181; x_wconf 90' lang='lat' dir='ltr'>sqq.</span> 
     </span>
     <span class='ocr_line' id='line_1_22' title="bbox 285 3221 1936 3316; baseline 0 -22"><span class='ocrx_word' id='word_1_229' title='bbox 285 3222 401 3311; x_wconf 90' lang='lat' dir='ltr'>Haec,</span> <span class='ocrx_word' id='word_1_230' title='bbox 436 3245 531 3315; x_wconf 89' lang='lat' dir='ltr'>quae</span> <span class='ocrx_word' id='word_1_231' title='bbox 560 3223 662 3295; x_wconf 90' lang='lat' dir='ltr'>inter</span> <span class='ocrx_word' id='word_1_232' title='bbox 690 3245 729 3295; x_wconf 92' lang='lat' dir='ltr'>se</span> <span class='ocrx_word' id='word_1_233' title='bbox 758 3223 951 3295; x_wconf 90' lang='lat' dir='ltr'>contraria</span> <span class='ocrx_word' id='word_1_234' title='bbox 979 3227 1080 3310; x_wconf 90' lang='lat' dir='ltr'>suut,</span> <span class='ocrx_word' id='word_1_235' title='bbox 1110 3222 1223 3295; x_wconf 89' lang='lat' dir='ltr'>credo</span> <span class='ocrx_word' id='word_1_236' title='bbox 1252 3223 1377 3316; x_wconf 90' lang='lat' dir='ltr'>posita</span> <span class='ocrx_word' id='word_1_237' title='bbox 1406 3244 1486 3294; x_wconf 90' lang='lat' dir='ltr'>esse</span> <span class='ocrx_word' id='word_1_238' title='bbox 1514 3223 1552 3293; x_wconf 91' lang='lat' dir='ltr'>in</span> <span class='ocrx_word' id='word_1_239' title='bbox 1583 3246 1628 3295; x_wconf 86' lang='lat' dir='ltr'>aa</span> <span class='ocrx_word' id='word_1_240' title='bbox 1655 3244 1709 3310; x_wconf 92' lang='lat' dir='ltr'>re,</span> <span class='ocrx_word' id='word_1_241' title='bbox 1739 3221 1841 3315; x_wconf 92' lang='lat' dir='ltr'>quod</span> <span class='ocrx_word' id='word_1_242' title='bbox 1870 3241 1936 3315; x_wconf 92' lang='lat' dir='ltr'>po-</span> 
     </span>
     <span class='ocr_line' id='line_1_23' title="bbox 286 3355 1936 3453; baseline -0.002 -24"><span class='ocrx_word' id='word_1_243' title='bbox 286 3360 372 3434; x_wconf 88' lang='lat' dir='ltr'>etae</span> <span class='ocrx_word' id='word_1_244' title='bbox 414 3379 491 3428; x_wconf 90' lang='lat' dir='ltr'>non</span> <span class='ocrx_word' id='word_1_245' title='bbox 533 3357 638 3449; x_wconf 88' lang='lat' dir='ltr'>quasi</span> <span class='ocrx_word' id='word_1_246' title='bbox 673 3379 748 3428; x_wconf 90' lang='lat' dir='ltr'>uno</span> <span class='ocrx_word' id='word_1_247' title='bbox 787 3359 992 3450; x_wconf 90' lang='lat' dir='ltr'>conspectu</span> <span class='ocrx_word' id='word_1_248' title='bbox 1020 3356 1394 3449; x_wconf 88' lang='lat' dir='ltr'>comprehendebant</span> <span class='ocrx_word' id='word_1_249' title='bbox 1422 3356 1524 3450; x_wconf 79' lang='lat' dir='ltr'>leges</span> <span class='ocrx_word' id='word_1_250' title='bbox 1552 3357 1681 3428; x_wconf 89' lang='lat' dir='ltr'>versus</span> <span class='ocrx_word' id='word_1_251' title='bbox 1709 3355 1936 3453; x_wconf 83' lang='lat' dir='ltr'>hexametri,</span> 
     </span>
     <span class='ocr_line' id='line_1_24' title="bbox 286 3488 1937 3583; baseline -0.002 -21"><span class='ocrx_word' id='word_1_252' title='bbox 286 3490 463 3563; x_wconf 92' lang='lat' dir='ltr'>sedtum</span> <span class='ocrx_word' id='word_1_253' title='bbox 492 3489 647 3578; x_wconf 90' lang='lat' dir='ltr'>dehac,</span> <span class='ocrx_word' id='word_1_254' title='bbox 691 3492 774 3579; x_wconf 79' lang='lat' dir='ltr'>tum</span> <span class='ocrx_word' id='word_1_255' title='bbox 811 3490 857 3562; x_wconf 91' lang='lat' dir='ltr'>de</span> <span class='ocrx_word' id='word_1_256' title='bbox 886 3490 951 3560; x_wconf 92' lang='lat' dir='ltr'>illa</span> <span class='ocrx_word' id='word_1_257' title='bbox 979 3512 1020 3562; x_wconf 88' lang='lat' dir='ltr'>re</span> <span class='ocrx_word' id='word_1_258' title='bbox 1048 3490 1209 3562; x_wconf 87' lang='lat' dir='ltr'>metrica</span> <span class='ocrx_word' id='word_1_259' title='bbox 1235 3488 1473 3582; x_wconf 84' lang='lat' dir='ltr'>cogitabant;</span> <span class='ocrx_word' id='word_1_260' title='bbox 1517 3490 1617 3563; x_wconf 90' lang='lat' dir='ltr'>unde</span> <span class='ocrx_word' id='word_1_261' title='bbox 1651 3511 1765 3583; x_wconf 88' lang='lat' dir='ltr'>saepe</span> <span class='ocrx_word' id='word_1_262' title='bbox 1794 3488 1937 3561; x_wconf 89' lang='lat' dir='ltr'>factum</span> 
     </span>
     <span class='ocr_line' id='line_1_25' title="bbox 287 3622 1937 3716; baseline -0.002 -20"><span class='ocrx_word' id='word_1_263' title='bbox 287 3626 357 3711; x_wconf 91' lang='lat' dir='ltr'>est,</span> <span class='ocrx_word' id='word_1_264' title='bbox 399 3627 443 3695; x_wconf 92' lang='lat' dir='ltr'>ut</span> <span class='ocrx_word' id='word_1_265' title='bbox 470 3623 541 3696; x_wconf 90' lang='lat' dir='ltr'>hoc</span> <span class='ocrx_word' id='word_1_266' title='bbox 576 3624 722 3711; x_wconf 91' lang='lat' dir='ltr'>melius,</span> <span class='ocrx_word' id='word_1_267' title='bbox 752 3623 845 3695; x_wconf 94' lang='lat' dir='ltr'>illud</span> <span class='ocrx_word' id='word_1_268' title='bbox 874 3623 1041 3695; x_wconf 90' lang='lat' dir='ltr'>deterius</span> <span class='ocrx_word' id='word_1_269' title='bbox 1069 3623 1286 3696; x_wconf 91' lang='lat' dir='ltr'>redderent.</span> <span class='ocrx_word' id='word_1_270' title='bbox 1343 3622 1464 3708; x_wconf 84' lang='lat' dir='ltr'>Quare</span> <span class='ocrx_word' id='word_1_271' title='bbox 1493 3624 1524 3695; x_wconf 92' lang='lat' dir='ltr'>si</span> <span class='ocrx_word' id='word_1_272' title='bbox 1553 3623 1635 3716; x_wconf 90' lang='lat' dir='ltr'>quis</span> <span class='ocrx_word' id='word_1_273' title='bbox 1664 3645 1709 3695; x_wconf 89' lang='lat' dir='ltr'>ex</span> <span class='ocrx_word' id='word_1_274' title='bbox 1737 3622 1796 3694; x_wconf 89' lang='lat' dir='ltr'>his</span> <span class='ocrx_word' id='word_1_275' title='bbox 1824 3623 1937 3696; x_wconf 92' lang='lat' dir='ltr'>rebus</span> 
     </span>
     <span class='ocr_line' id='line_1_26' title="bbox 286 3755 1940 3850; baseline 0 -22"><span class='ocrx_word' id='word_1_276' title='bbox 286 3757 455 3830; x_wconf 89' lang='lat' dir='ltr'>metricis</span> <span class='ocrx_word' id='word_1_277' title='bbox 484 3758 530 3830; x_wconf 92' lang='lat' dir='ltr'>de</span> <span class='ocrx_word' id='word_1_278' title='bbox 558 3758 768 3830; x_wconf 87' lang='lat' dir='ltr'>carminum</span> <span class='ocrx_word' id='word_1_279' title='bbox 796 3755 1033 3850; x_wconf 90' lang='lat' dir='ltr'>temporibus</span> <span class='ocrx_word' id='word_1_280' title='bbox 1062 3755 1285 3829; x_wconf 89' lang='lat' dir='ltr'>concludere</span> <span class='ocrx_word' id='word_1_281' title='bbox 1314 3756 1419 3843; x_wconf 88' lang='lat' dir='ltr'>velit,</span> <span class='ocrx_word' id='word_1_282' title='bbox 1449 3757 1617 3827; x_wconf 76' lang='lat' dir='ltr'>inanima</span> <span class='ocrx_word' id='word_1_283' title='bbox 1646 3755 1861 3829; x_wconf 88' lang='lat' dir='ltr'>adhibenda</span> <span class='ocrx_word' id='word_1_284' title='bbox 1881 3758 1940 3828; x_wconf 93' lang='lat' dir='ltr'>est</span> 
     </span>
     <span class='ocr_line' id='line_1_27' title="bbox 287 3871 1185 3965; baseline -0.001 0"><span class='ocrx_word' id='word_1_285' title='bbox 287 3892 425 3965; x_wconf 91' lang='lat' dir='ltr'>cautio.</span> <span class='ocrx_word' id='word_1_286' title='bbox 1182 3871 1185 3875; x_wconf 36' lang='grc'>’</span> 
     </span>
    </p>

    <p class='ocr_par' dir='ltr' id='par_1_4' title="bbox 287 4005 1939 4253">
     <span class='ocr_line' id='line_1_28' title="bbox 395 4005 1939 4119; baseline -0.001 -23"><span class='ocrx_word' id='word_1_287' title='bbox 395 4025 424 4096; x_wconf 85' lang='lat' dir='ltr'><strong>E</strong></span> <span class='ocrx_word' id='word_1_288' title='bbox 451 4029 634 4119; x_wconf 86' lang='lat' dir='ltr'>sequente</span> <span class='ocrx_word' id='word_1_289' title='bbox 663 4025 793 4096; x_wconf 87' lang='lat' dir='ltr'>tabula</span> <span class='ocrx_word' id='word_1_290' title='bbox 822 4005 1034 4119; x_wconf 87' lang='lat' dir='ltr'>apparebit,</span> <span class='ocrx_word' id='word_1_291' title='bbox 1079 4025 1142 4118; x_wconf 91' lang='lat' dir='ltr'>qui</span> <span class='ocrx_word' id='word_1_292' title='bbox 1170 4024 1286 4119; x_wconf 90' lang='lat' dir='ltr'>pedes</span> <span class='ocrx_word' id='word_1_293' title='bbox 1318 4024 1512 4119; x_wconf 85' lang='lat' dir='ltr'>spondaici</span> <span class='ocrx_word' id='word_1_294' title='bbox 1545 4024 1723 4097; x_wconf 91' lang='lat' dir='ltr'>facillime</span> <span class='ocrx_word' id='word_1_295' title='bbox 1752 4047 1836 4096; x_wconf 90' lang='lat' dir='ltr'>cum</span> <span class='ocrx_word' id='word_1_296' title='bbox 1865 4023 1939 4095; x_wconf 89' lang='lat' dir='ltr'>sin·</span> 
     </span>
     <span class='ocr_line' id='line_1_29' title="bbox 287 4158 1504 4253; baseline -0.001 -23"><span class='ocrx_word' id='word_1_297' title='bbox 287 4158 383 4253; x_wconf 84' lang='lat' dir='ltr'>gulis</span> <span class='ocrx_word' id='word_1_298' title='bbox 411 4159 588 4253; x_wconf 89' lang='lat' dir='ltr'>spondeis</span> <span class='ocrx_word' id='word_1_299' title='bbox 616 4160 841 4253; x_wconf 78' lang='lat' dir='ltr'>iungantur;</span> <span class='ocrx_word' id='word_1_300' title='bbox 872 4182 957 4232; x_wconf 89' lang='lat' dir='ltr'>cum</span> <span class='ocrx_word' id='word_1_301' title='bbox 985 4159 1107 4231; x_wconf 90' lang='lat' dir='ltr'>altero</span> <span class='ocrx_word' id='word_1_302' title='bbox 1136 4159 1304 4253; x_wconf 88' lang='lat' dir='ltr'>spondeo</span> <span class='ocrx_word' id='word_1_303' title='bbox 1335 4158 1504 4252; x_wconf 83' lang='lat' dir='ltr'>iungitur</span> 
     </span>
    </p>
   </div>
   <div class='ocr_carea' id='block_1_4' title="bbox 290 4351 715 4359">
    <p class='ocr_par' dir='ltr' id='par_1_5' title="bbox 290 4351 715 4359">
     <span class='ocr_line' id='line_1_30' title="bbox 290 4351 715 4359; baseline 0.002 -1"><span class='ocrx_word' id='word_1_304' title='bbox 290 4351 715 4359; x_wconf 70' lang='lat'>————————--———</span> 
     </span>
    </p>
   </div>
   <div class='ocr_carea' id='block_1_5' title="bbox 288 4458 1941 4968">
    <p class='ocr_par' dir='ltr' id='par_1_6' title="bbox 400 4458 1939 4539">
     <span class='ocr_line' id='line_1_31' title="bbox 400 4458 1939 4539; baseline -0.001 -19"><span class='ocrx_word' id='word_1_305' title='bbox 400 4458 410 4495; x_wconf 92' lang='lat'>¹</span> <span class='ocrx_word' id='word_1_306' title='bbox 435 4462 517 4521; x_wconf 91' lang='lat' dir='ltr'>Libri</span> <span class='ocrx_word' id='word_1_307' title='bbox 541 4482 610 4522; x_wconf 89' lang='lat' dir='ltr'>mss.</span> <span class='ocrx_word' id='word_1_308' title='bbox 635 4463 708 4521; x_wconf 91' lang='lat' dir='ltr'>duos</span> <span class='ocrx_word' id='word_1_309' title='bbox 733 4463 872 4522; x_wconf 86' lang='lat' dir='ltr'>exhibent</span> <span class='ocrx_word' id='word_1_310' title='bbox 895 4483 1007 4525; x_wconf 78' lang='lat' dir='ltr'>versus,</span> <span class='ocrx_word' id='word_1_311' title='bbox 1032 4462 1077 4522; x_wconf 88' lang='lat' dir='ltr'>Sc.</span> <span class='ocrx_word' id='word_1_312' title='bbox 1106 4463 1167 4521; x_wconf 81' lang='lat'>199</span> <span class='ocrx_word' id='word_1_313' title='bbox 1185 4468 1215 4522; x_wconf 89' lang='lat' dir='ltr'>et</span> <span class='ocrx_word' id='word_1_314' title='bbox 1232 4464 1305 4533; x_wconf 78' lang='lat'>202,</span> <span class='ocrx_word' id='word_1_315' title='bbox 1323 4465 1375 4523; x_wconf 88' lang='lat' dir='ltr'>has</span> <span class='ocrx_word' id='word_1_316' title='bbox 1391 4464 1470 4539; x_wconf 80' lang='lat' dir='ltr'>leges</span> <span class='ocrx_word' id='word_1_317' title='bbox 1487 4463 1649 4531; x_wconf 83' lang='lat' dir='ltr'>violantes3</span> <span class='ocrx_word' id='word_1_318' title='bbox 1675 4463 1710 4521; x_wconf 89' lang='lat' dir='ltr'>de</span> <span class='ocrx_word' id='word_1_319' title='bbox 1727 4462 1836 4539; x_wconf 88' lang='lat' dir='ltr'>quibus</span> <span class='ocrx_word' id='word_1_320' title='bbox 1852 4460 1939 4519; x_wconf 87' lang='lat' dir='ltr'>infra.</span> 
     </span>
    </p>

    <p class='ocr_par' dir='ltr' id='par_1_7' title="bbox 288 4563 1941 4968">
     <span class='ocr_line' id='line_1_32' title="bbox 398 4563 1941 4647; baseline -0.001 -20"><span class='ocrx_word' id='word_1_321' title='bbox 398 4563 591 4646; x_wconf 75' lang='lat' dir='ltr'>²Singulare</span> <span class='ocrx_word' id='word_1_322' title='bbox 627 4570 690 4628; x_wconf 84' lang='lat' dir='ltr'>iure</span> <span class='ocrx_word' id='word_1_323' title='bbox 726 4570 850 4629; x_wconf 87' lang='lat' dir='ltr'>dicimus</span> <span class='ocrx_word' id='word_1_324' title='bbox 886 4570 925 4637; x_wconf 89' lang='lat' dir='ltr'>id,</span> <span class='ocrx_word' id='word_1_325' title='bbox 962 4572 1041 4646; x_wconf 84' lang='lat' dir='ltr'>quod</span> <span class='ocrx_word' id='word_1_326' title='bbox 1076 4570 1106 4628; x_wconf 91' lang='lat' dir='ltr'>in</span> <span class='ocrx_word' id='word_1_327' title='bbox 1137 4571 1247 4646; x_wconf 91' lang='lat' dir='ltr'>hymno</span> <span class='ocrx_word' id='word_1_328' title='bbox 1271 4571 1386 4629; x_wconf 83' lang='lat' dir='ltr'>XXVII</span> <span class='ocrx_word' id='word_1_329' title='bbox 1410 4571 1501 4647; x_wconf 92' lang='lat' dir='ltr'>duplo</span> <span class='ocrx_word' id='word_1_330' title='bbox 1524 4571 1624 4647; x_wconf 82' lang='lat' dir='ltr'>plures</span> <span class='ocrx_word' id='word_1_331' title='bbox 1648 4570 1793 4646; x_wconf 82' lang='lat' dir='ltr'>spondeos</span> <span class='ocrx_word' id='word_1_332' title='bbox 1816 4569 1941 4644; x_wconf 82' lang='lat' dir='ltr'>praebet</span> 
     </span>
     <span class='ocr_line' id='line_1_33' title="bbox 288 4655 1940 4754; baseline -0.002 -18"><span class='ocrx_word' id='word_1_333' title='bbox 288 4676 377 4736; x_wconf 88' lang='lat' dir='ltr'>tertia</span> <span class='ocrx_word' id='word_1_334' title='bbox 400 4677 484 4735; x_wconf 84' lang='lat' dir='ltr'>sedes</span> <span class='ocrx_word' id='word_1_335' title='bbox 507 4697 599 4753; x_wconf 87' lang='lat' dir='ltr'>quam</span> <span class='ocrx_word' id='word_1_336' title='bbox 624 4655 743 4752; x_wconf 82' lang='lat' dir='ltr'>quarta.</span> <span class='ocrx_word' id='word_1_337' title='bbox 791 4676 898 4735; x_wconf 84' lang='lat' dir='ltr'>Confer</span> <span class='ocrx_word' id='word_1_338' title='bbox 921 4678 1011 4735; x_wconf 84' lang='lat' dir='ltr'>etiarn</span> <span class='ocrx_word' id='word_1_339' title='bbox 1034 4679 1062 4735; x_wconf 94' lang='lat' dir='ltr'>h.</span> <span class='ocrx_word' id='word_1_340' title='bbox 1088 4679 1118 4736; x_wconf 92' lang='lat' dir='ltr'>h.</span> <span class='ocrx_word' id='word_1_341' title='bbox 1142 4678 1222 4747; x_wconf 82' lang='lat' dir='ltr'>XVI,</span> <span class='ocrx_word' id='word_1_342' title='bbox 1247 4678 1355 4736; x_wconf 85' lang='lat' dir='ltr'>XXXI.</span> <span class='ocrx_word' id='word_1_343' title='bbox 1402 4678 1567 4743; x_wconf 85' lang='lat' dir='ltr'>Eberhard,</span> <span class='ocrx_word' id='word_1_344' title='bbox 1592 4696 1661 4754; x_wconf 75' lang='lat' dir='ltr'>pag.</span> <span class='ocrx_word' id='word_1_345' title='bbox 1680 4678 1709 4735; x_wconf 87' lang='lat'>8.</span> <span class='ocrx_word' id='word_1_346' title='bbox 1757 4676 1940 4735; x_wconf 79' lang='lat' dir='ltr'>Concludere</span> 
     </span>
     <span class='ocr_line' id='line_1_34' title="bbox 288 4783 1939 4863; baseline -0.002 -21"><span class='ocrx_word' id='word_1_347' title='bbox 288 4784 358 4842; x_wconf 88' lang='lat' dir='ltr'>licet</span> <span class='ocrx_word' id='word_1_348' title='bbox 391 4803 459 4843; x_wconf 81' lang='lat' dir='ltr'>euru</span> <span class='ocrx_word' id='word_1_349' title='bbox 494 4785 531 4842; x_wconf 86' lang='lat' dir='ltr'>ab</span> <span class='ocrx_word' id='word_1_350' title='bbox 567 4785 684 4844; x_wconf 87' lang='lat' dir='ltr'>homins</span> <span class='ocrx_word' id='word_1_351' title='bbox 715 4784 878 4863; x_wconf 59' lang='lat' dir='ltr'>artifludi</span> <span class='ocrx_word' id='word_1_352' title='bbox 901 4785 1070 4843; x_wconf 72' lang='lat' dir='ltr'>confectum</span> <span class='ocrx_word' id='word_1_353' title='bbox 1093 4803 1164 4854; x_wconf 85' lang='lat' dir='ltr'>esse,</span> <span class='ocrx_word' id='word_1_354' title='bbox 1189 4785 1213 4843; x_wconf 91' lang='lat' dir='ltr'>si</span> <span class='ocrx_word' id='word_1_355' title='bbox 1237 4785 1309 4861; x_wconf 90' lang='lat' dir='ltr'>quid</span> <span class='ocrx_word' id='word_1_356' title='bbox 1332 4786 1489 4844; x_wconf 88' lang='lat' dir='ltr'>omuinoe</span> <span class='ocrx_word' id='word_1_357' title='bbox 1518 4789 1580 4843; x_wconf 86' lang='lat' dir='ltr'>tam</span> <span class='ocrx_word' id='word_1_358' title='bbox 1604 4803 1697 4860; x_wconf 88' lang='lat' dir='ltr'>parvo</span> <span class='ocrx_word' id='word_1_359' title='bbox 1721 4783 1849 4843; x_wconf 87' lang='lat' dir='ltr'>carmine</span> <span class='ocrx_word' id='word_1_360' title='bbox 1873 4800 1939 4841; x_wconf 92' lang='lat' dir='ltr'>con-</span> 
     </span>
     <span class='ocr_line' id='line_1_35' title="bbox 288 4889 1782 4968; baseline -0.003 -17"><span class='ocrx_word' id='word_1_361' title='bbox 288 4891 406 4952; x_wconf 83' lang='lat' dir='ltr'>cludere</span> <span class='ocrx_word' id='word_1_362' title='bbox 430 4892 508 4950; x_wconf 77' lang='lat' dir='ltr'>licst.</span> <span class='ocrx_word' id='word_1_363' title='bbox 555 4892 662 4951; x_wconf 81' lang='lat' dir='ltr'>Confer</span> <span class='ocrx_word' id='word_1_364' title='bbox 686 4896 785 4949; x_wconf 83' lang='lat' dir='ltr'>tamen</span> <span class='ocrx_word' id='word_1_365' title='bbox 809 4892 844 4951; x_wconf 90' lang='lat' dir='ltr'>de</span> <span class='ocrx_word' id='word_1_366' title='bbox 867 4892 1066 4967; x_wconf 84' lang='lat' dir='ltr'>spondeorurn</span> <span class='ocrx_word' id='word_1_367' title='bbox 1089 4892 1207 4951; x_wconf 88' lang='lat' dir='ltr'>sedibus</span> <span class='ocrx_word' id='word_1_368' title='bbox 1231 4891 1438 4951; x_wconf 88' lang='lat' dir='ltr'>Ludwichinm</span> <span class='ocrx_word' id='word_1_369' title='bbox 1461 4892 1500 4961; x_wconf 91' lang='lat' dir='ltr'>ll,</span> <span class='ocrx_word' id='word_1_370' title='bbox 1524 4911 1593 4968; x_wconf 84' lang='lat' dir='ltr'>pag.</span> <span class='ocrx_word' id='word_1_371' title='bbox 1619 4889 1694 4963; x_wconf 76' lang='lat'>327,</span> <span class='ocrx_word' id='word_1_372' title='bbox 1719 4910 1782 4967; x_wconf 91' lang='lat' dir='ltr'>sqq.</span> 
     </span>
    </p>
   </div>
   <div class='ocr_carea' id='block_1_6' title="bbox 0 0 2243 6082">
    <p class='ocr_par' dir='ltr' id='par_1_8' title="bbox 0 0 2243 6082">
     <span class='ocr_line' id='line_1_36' title="bbox 0 0 2243 6082; baseline 0 0"><span class='ocrx_word' id='word_1_373' title='bbox 0 0 2243 6082; x_wconf 95' lang='lat' dir='ltr'> </span> 
     </span>
    </p>
   </div>
  </div>
 </body>
</html>
