4464 6082
283 245 330 317 36
823 272 884 327 Joh.
908 272 1038 326 Paulson:
1058 270 1158 326 Studia
1176 270 1320 326 Hesiodea.
1358 272 1379 325 1.

282 459 363 530 Nisi
393 458 578 530 malumus
612 458 766 531 credere
798 458 944 530 librarii
973 457 1094 530 menti
1123 457 1367 530 obversatum
1398 479 1478 530 esse
1506 457 1549 530 Il.
1579 456 1608 544 Ι,
1638 480 1673 529 v.
1706 455 1727 527 9
1757 456 1953 528 initium:

283 588 428 688 Λητοῦς
454 588 517 663 καί
545 586 627 672 Διὸς
655 585 731 672 υἱός
750 588 774 661 ¹.

388 726 442 799 De
470 750 505 798 v.
541 726 612 798 199
643 727 762 820 magis
791 730 849 798 est
877 727 1139 814 dubitandum,
1164 751 1255 798 num
1276 727 1534 799 emendandus
1553 726 1613 798 sit.
1671 724 1812 820 Negari
1835 724 1955 798 onim

282 884 360 933 non
402 861 516 933 debet
557 860 613 933 Sc.
658 861 849 932 interdum
883 861 1092 934 deteriores
1121 861 1223 954 leges
1253 862 1428 934 metricas
1456 861 1574 952 sequi,
1604 862 1647 932 ut
1675 859 1788 932 liceat
1816 859 1955 931 etiam

283 996 451 1089 cogitare
480 995 526 1066 de
555 995 624 1065 tali
662 994 815 1082 elumbi,
844 998 888 1066 ut
915 994 1043 1067 Wolfii
1072 999 1159 1067 utar
1187 995 1312 1067 verbis
1329 990 1356 1083 2,
1388 1017 1509 1067 versu.
1567 994 1638 1066 Sed
1668 995 1705 1064 in
1735 993 1805 1064 tali
1835 993 1954 1086 cogi-

283 1130 432 1202 tatione
460 1152 537 1200 uon
574 1132 633 1201 est
665 1129 987 1221 acquiescendum.
1044 1129 1308 1214 Quaerendum
1337 1132 1408 1216 est,
1437 1152 1526 1200 num
1556 1151 1652 1222 quae
1681 1129 1807 1200 exstet
1837 1127 1952 1199 veri·

284 1262 417 1335 similis
446 1263 605 1334 sanandi
633 1263 706 1335 via.

391 1396 513 1468 Metro
543 1396 738 1469 consulere
765 1397 933 1485 student,
963 1399 1026 1490 qui
1054 1391 1352 1509 {piissime-(uon
1381 1398 1461 1469 sine
1481 1397 1665 1468 librorum
1684 1395 1831 1487 aliquot
1853 1417 1951 1467 auc-

285 1531 462 1619 toritate)
503 1530 693 1617 scribuut;
731 1531 796 1602 sed
826 1555 941 1623 quum
969 1554 1046 1603 non
1075 1532 1226 1603 licuerit
1253 1532 1359 1625 epico
1389 1534 1525 1625 poetae
1554 1530 1664 1602 huius
1692 1529 1794 1602 vocis
1823 1551 1948 1601 voca·
2062 1593 2067 1601 .

284 1664 360 1736 lem
389 1685 410 1734 u
439 1664 642 1757 corripere,
666 1664 705 1735 hi
739 1667 950 1737 monstrum
984 1688 1114 1738 versus
1148 1665 1264 1737 verbo
1299 1669 1540 1738 monstruoso
1568 1664 1771 1753 emendare
1795 1685 1948 1735 cona-n-

284 1801 349 1898 tur
377 1820 498 1890 neque
528 1798 705 1870 audiendi
732 1801 822 1870 suut
849 1798 1059 1886 (Heinrich,
1083 1799 1237 1893 Lennep
1256 1794 1290 1886 3;
1326 1798 1441 1893 Paley
1463 1801 1502 1871 et
1516 1798 1637 1870 'st-ll.
1658 1798 1697 1870 in
1717 1798 1946 1885 contextu);

284 1929 460 2025 Bentley,
504 1953 615 2024 quem
651 1933 822 2025 sequitur
863 1931 999 2020 Rzach,
1043 1934 1081 2004 in
1125 1933 1309 2005 interiore
1340 1955 1448 2006 versu
1478 1933 1577 2004 vult:
1609 1989 1617 2004 .
1649 1989 1657 2004 .
1689 1989 1697 2004 .
1728 1923 1781 2001 ἐνὶ
1811 1927 1947 2029 χερσὶν

285 2058 341 2135 ἰδὲ
367 2061 530 2161 χρυσέην
562 2122 569 2137 .
602 2123 609 2138 .
642 2089 668 2152 .;
700 2064 954 2151 Hermannus,
996 2065 1039 2139 Il.
1083 2065 1129 2153 X,
1162 2067 1208 2139 76
1239 2066 1449 2153 conferens,
1476 2065 1759 2139 commendavit
1790 2064 1944 2137 clausu-

286 2200 379 2271 lam:
425 2257 432 2271 .
465 2255 472 2270 .
504 2257 512 2271 .
555 2196 679 2295 (prpe)
721 2198 876 2296 φαεινήν
912 2221 952 2270 τε
992 2196 1226 2296 τρυφάλειαν.
1282 2200 1399 2294 Paley
1442 2200 1480 2271 in
1521 2223 1602 2271 an:
1647 2192 1756 2294 ἔγχος
1797 2191 1945 2293 ἔχουσα

285 2337 416 2429 χεροῖν,
445 2328 621 2428 ypooeirp
650 2353 691 2402 τε
718 2328 800 2419 acic
829 2335 868 2404 in
898 2358 1010 2428 quam
1041 2335 1347 2408 emendationem
1376 2335 1511 2406 afferre
1535 2334 1624 2406 licet
1644 2333 1814 2420 verbum,
1835 2333 1944 2425 quod

287 2470 345 2540 est
372 2463 463 2562 χείρ,
493 2467 532 2537 in
561 2466 790 2539 carminibus
819 2467 1016 2540 Hesiodeis
1047 2492 1122 2540 non
1151 2490 1357 2562 agnoscere
1387 2468 1507 2540 dualis
1536 2468 1684 2539 numeri
1713 2466 1868 2553 formas,
1892 2489 1944 2539 no

286 2601 331 2671 iis
360 2600 511 2693 quidem
541 2600 645 2687 iccio,
674 2600 738 2672 uhi
767 2605 899 2695 aperte
929 2603 1232 2701 1·ospicituruna
1260 2597 1467 2697 pe1·sona⁴.
1525 2601 1620 2673 Olim
1652 2600 1744 2672 mihi
1772 2600 1811 2671 in
1831 2622 1943 2673 men-

287 2779 430 2853 adhibita,
465 2780 596 2838 saniores
631 2780 720 2838 fiunt:
757 2799 940 2855 quamquam
975 2781 1071 2840 nescio
1107 2802 1144 2839 an
1179 2782 1301 2857 propius
1325 2783 1362 2839 ad
1387 2782 1551 2840 carminum
1576 2781 1786 2839 Taetraeorum
1810 2779 1946 2839 indolem

287 2888 437 2957 accedant,
470 2887 521 2962 qui
547 2874 589 2941 εὖ·
614 2867 861 2962 monosyllabum,
885 2881 996 2943 κάλλει
1020 2888 1198 2963 disyllabum
1223 2887 1372 2959 efferunt).
1419 2887 1467 2946 ad
1490 2889 1543 2946 hos
1566 2907 1679 2955 versus,
1704 2887 1734 2944 in
1756 2885 1847 2945 tertia
1871 2888 1946 2947 sede

286 2994 417 3069 spondeo
440 3012 519 3061 usos
544 2994 690 3070 accedunt
714 2995 765 3064 32,
791 2995 821 3052 in
845 2995 954 3070 quibus
978 3015 1101 3055 caesura
1124 2996 1221 3054 media
1244 2995 1354 3072 excipit
1377 2996 1529 3070 dactylum
1553 3014 1611 3053 non
1635 2995 1770 3053 incisum.

336 3175 342 3185 ·
394 3100 480 3169 Quod
514 3101 634 3159 videtur
669 3102 841 3161 emendator
876 3123 904 3161 v.
943 3104 1004 3160 202
1041 3123 1076 3161 nc
1112 3102 1140 3161 id
1169 3103 1289 3178 quidem
1313 3122 1441 3175 curasse,
1465 3106 1501 3160 ut
1524 3103 1683 3160 adderetur
1706 3117 1721 3157 ν
1744 3121 1848 3178 parag.
1874 3104 1948 3163 voci
2024 3177 2030 3185 ι

287 3202 427 3282 celeph
463 3207 535 3277 (tres
570 3209 638 3267 libri
672 3223 688 3263 ν
722 3209 876 3280 omittunt,
911 3230 989 3269 unus
1019 3210 1144 3280 exarat),
1180 3210 1349 3268 mirandum
1384 3229 1442 3268 non
1478 3213 1531 3267 est.
1578 3207 1692 3268 Similes
1727 3208 1805 3267 enim
1834 3228 1947 3271 versus

289 3315 429 3374 trochaeo
452 3336 507 3391 pro
530 3317 660 3391 spondeo
684 3317 729 3375 usi
753 3317 782 3374 in
807 3317 930 3374 Taetzae
954 3316 1187 3375 Autehomericis
1211 3322 1295 3374 sunt:

634 3422 689 3481 14:
714 3414 838 3499 Φράζεο
862 3415 888 3478 δ’
913 3412 1067 3479 Αἰακίδαο
1092 3414 1096 3501 Ι
1122 3421 1234 3500 πότμον
1258 3415 1452 3499 δακρυόεντα·

611 3529 689 3589 156;
715 3522 864 3609 &pectine
889 3523 913 3586 τ’
938 3521 1120 3608 Ἀκάμαντα
1145 3522 1148 3610 l
1174 3525 1227 3585 καὶ
1251 3520 1406 3609 Διομήδεα
1430 3523 1492 3587 δῖον
1522 3563 1554 3573 κ

609 3637 689 3695 382;
714 3626 836 3692 ἰλλάσιν
860 3626 948 3692 αὐτὸν
972 3629 1093 3714 ἔδησαν,
1120 3630 1123 3713 1
1150 3628 1304 3701 Ἑλλάδος
1327 3627 1369 3701 ὡς
1392 3630 1563 3716 προδοτῄρα
1591 3670 1624 3681 -

289 3742 397 3801 Confer
421 3744 510 3801 etiarn
535 3744 655 3818 Fragrn.
680 3764 799 3803 uersum
824 3763 914 3819 supra
938 3744 1073 3801 allatum.

401 3846 411 3881 ¹
436 3849 649 3910 Observatione
673 3852 796 3927 dignum
820 3856 866 3908 est
888 3849 998 3909 scholia
1022 3852 1147 3910 eundem
1172 3872 1278 3911 vocum
1295 3852 1427 3911 ordinem
1445 3852 1599 3911 adhibere:
1626 3843 1798 3928 ἐκιθάριζεν
1824 3898 1831 3911 .
1857 3893 1864 3908 .
1893 3895 1900 3908 .
1928 3847 1947 3913 ὁ

289 3947 462 4024 Ἀπόλλων,
487 3947 504 4014 ὁ
527 3947 590 4021 oi'o:
614 3960 681 4036 τῆς
703 3949 859 4035 Λητοὺς
881 3952 946 4012 καὶ
970 3959 1034 4013 τοῦ
1058 3948 1158 4020 Διός.
1206 3953 1337 4017 Hesiodi
1359 3955 1441 4038 quod
1463 3953 1567 4034 fertur
1591 3954 1718 4019 Scotum
1737 3953 1890 4018 Herculis
1906 3979 1948 4021 ee

290 4060 493 4144 receptatione
523 4056 629 4140 ll'olpt
650 4059 747 4122 edidit
762 4058 880 4123 Κακάν.
906 4059 1131 4144 Qaedtinburpi
1146 4067 1173 4124 et
1189 4044 1327 4144 Lipsiae.
1345 4060 1574 4126 MDGCGXL.
1592 4067 1647 4137 t=
1664 4068 1779 4138 Ranke)
1796 4087 1866 4145 pag.
1888 4071 1946 4129 54.

399 4164 412 4201 ²
436 4171 548 4241 Ranae,
573 4191 641 4247 pag.
667 4171 719 4230 97.

398 4271 567 4336 ruamur
589 4273 719 4337 Scotum
743 4273 900 4338 Hei-adis.
946 4274 1056 4338 κνινν
1081 4273 1115 4340 c.
1141 4274 1179 4339 r.
1205 4273 1367 4337 uesta-m.
1421 4274 1640 4341 eiecerat-ae.
1677 4254 1772 4340 1802.
1806 4276 1947 4344 nesam

290 4379 420 4444 Seretion
455 4379 613 4443 Herculio.
660 4379 711 4443 Er
744 4380 862 4445 schedis
896 4381 1037 4463 defu-neti
1070 4387 1212 4463 Lennepii
1236 4381 1332 4444 edidit
1354 4381 1382 4445 I.
1408 4382 1445 4444 G.
1471 4382 1654 4447 Hellemuu.
1702 4383 1945 4453 ,lmdetodomi

289 4485 532 4551 linewert-⁷.
558 4508 575 4547 o
599 4492 677 4551 vocis
700 4491 815 4570 χρααός
838 4497 868 4551 et
890 4489 1022 4571 χράαεος
1045 4494 1152 4569 corripi
1176 4495 1255 4569 apud
1279 4494 1442 4552 Pindarum
1466 4495 1552 4553 docet
1577 4489 1715 4566 Heimer,
1732 4491 1847 4554 Studio
1865 4490 1947 4559 Pin·

290 4593 410 4658 (terrico.
435 4592 568 4657 Leiridue
591 4593 923 4659 alllcc'cLXXXt.
948 4621 1017 4677 pag.
1045 4602 1117 4659 132.

400 4701 414 4738 ⁴
437 4706 491 4765 His
515 4707 585 4766 locis
609 4708 739 4782 plurales
763 4710 875 4766 formae
897 4708 978 4767 vocis
1002 4705 1070 4785 χείρ
1094 4726 1251 4784 personam
1273 4728 1364 4765 unam
1387 4709 1565 4783 respiciunt:
1592 4710 1645 4768 Th.
1672 4712 1746 4781 283,
1772 4710 1846 4780 482,
1864 4712 1947 4786 487,

291 4815 365 4884 490,
402 4815 475 4883 519,
513 4792 586 4883 553,
624 4814 697 4877 575,
724 4814 796 4885 747,
824 4814 895 4885 756,
922 4815 1003 4885 973;
1028 4815 1074 4874 Sc.
1102 4814 1174 4882 167,
1202 4816 1274 4884 139,
1302 4815 1373 4875 193.
1400 4816 1474 4887 214,
1500 4817 1573 4886 266,
1599 4818 1672 4883 339,
1698 4820 1780 4886 446;
1804 4817 1858 4893 Op.
1888 4822 1947 4892 94,

292 4921 365 4989 321,
392 4922 464 4992 725,
491 4922 564 4991 739,
591 4921 664 4979 740.
710 4922 867 4980 Rationem
890 4941 948 4981 non
972 4923 1066 4982 habeo
1090 4922 1145 4980 Th.
1170 4923 1243 4991 823,
1267 4923 1320 4981 ubi
1344 4922 1455 4982 mentio
1479 4924 1513 4982 lit
1532 4944 1675 4982 manuum
1693 4924 1835 5000 Typhoei.
1884 4925 1949 4997 Qui

290 5032 326 5087 ut
348 5029 454 5087 habuit
477 5035 597 5089 centum
620 5029 728 5106 capita,
753 5029 795 5088 itu
819 5030 899 5089 haud
923 5029 1011 5088 dubie
1035 5049 1126 5106 supra
1148 5030 1308 5089 humanam
1332 5032 1442 5091 sortem
1467 5031 1603 5093 uranibus
1627 5031 1686 5094 fuit
1708 5031 1884 5094 instructus.
