4464 6082
289 260 335 336 72
834 287 896 349 Joh.
917 289 1051 348 Paulson:
1071 288 1170 349 Studia
1190 288 1333 377 Hesiodea.
1371 288 1412 393 l.=

284 502 478 552 caesuram
521 485 608 574 post
649 481 855 553 secuudum
897 481 1033 573 pedem
1076 480 1142 574 Op.
1175 480 1268 552 588:
1299 473 1460 561 αὐαλέος
1489 473 1530 550 δέ
1558 499 1599 550 τε
1627 476 1726 578 χρώς
1765 526 1822 550 -.
1885 476 1947 553 Fr.

286 615 420 702 244,1;
450 607 512 685 Ἐν
542 609 655 711 Δήλῳ
684 613 767 685 τότε
794 621 937 711 πρῶτον
967 613 1120 701 (Confer
1147 639 1231 708 pag.
1265 616 1325 704 71,
1356 639 1391 687 u.
1428 616 1482 703 l);
1511 615 1720 688 bucolicum
1740 637 1947 687 caesuram

284 749 356 820 hae
386 771 497 821 voces
525 750 740 842 excipiunt:

611 882 666 955 Sc.
713 883 806 954 293:
837 876 869 952 oi
897 875 927 952 δ’
957 874 1036 953 αὖτ’
1066 875 1106 963 ἐς
1135 877 1316 978 ταλάρους
1345 875 1510 979 ἐφόρεον·
1532 876 1601 954 ὑπό
1622 882 1870 980 τρυγητήρων
1896 929 1940 938 -

614 1016 680 1110 Op.
713 1017 807 1089 696;
839 1015 891 1112 μη
921 1013 1011 1087 ποτέ
1040 1009 1072 1087 o*
1100 1011 1338 1113 ἡμερόκοιτος
1367 1011 1461 1113 άνηρ
1491 1011 1564 1087 ἀπό
1593 1009 1763 1114 χρήμαθ’
1796 1013 1944 1114 ἕληται·

284 1151 445 1224 fortasse
475 1152 591 1223 etiam
619 1150 679 1224 Fr.
711 1151 804 1222 274:
837 1143 1012 1231 Καλειτός
1041 1143 1070 1219 δ’
1101 1144 1161 1221 ἐπὶ
1190 1144 1371 1247 δράῃιατι
1399 1145 1513 1247 λιμός.

391 1285 554 1357 Restant
596 1285 913 1377 quattuordecim,
945 1309 1105 1379 quorum
1141 1289 1324 1378 quitttuor
1351 1285 1537 1378 praebent
1566 1309 1716 1373 nomen,
1748 1287 1851 1379 qnod
1884 1291 1944 1359 eet

284 1412 465 1513 Κρονίωνι
494 1419 561 1491 ΤΚ.
594 1419 682 1507 949,
713 1418 779 1512 Op.
812 1420 901 1506 242,
932 1421 1020 1508 276,
1049 1419 1109 1491 Fr.
1142 1420 1203 1508 92,
1260 1419 1408 1513 ‘Unique
1436 1420 1579 1494 claudit
1607 1443 1758 1493 versum
1778 1417 1804 1493 ¹.
1866 1421 1943 1493 'l'er

284 1557 374 1624 aute
402 1550 497 1648 πρός
521 1554 738 1646 corripitur,

471 1687 538 1759 ΤΚ.
571 1687 661 1758 779;
683 1683 804 1782 κίοσιν
833 1682 1041 1783 ἀργυρέοισι
1069 1686 1159 1784 πρός
1187 1680 1339 1784 οὐρανόν
1368 1680 1589 1784 ἐστήρικται.

284 1843 358 1914 quo
374 1822 411 1892 iu
428 1844 539 1893 versu
555 1808 835 1893 observandum
850 1824 909 1893 est
923 1823 1205 1915 correptionem
1221 1822 1259 1892 in
1275 1845 1431 1895 caesura
1444 1822 1644 1915 principali
1660 1844 1740 1895 esse
1753 1823 1939 1916 positam3

471 1956 537 2049 Op.
569 1956 660 2027 319;
691 1948 804 2034 αἰδώς
831 1975 883 2025 τοι
911 1954 1000 2050 πρός
1029 1950 1195 2051 ἀνολβίῃ,
1224 1953 1366 2052 θάρσος
1395 1949 1437 2025 δὲ
1464 1954 1553 2051 πρός
1582 1950 1681 2051 όλβῳ
1714 2002 1758 2011 -

570 2091 661 2160 iii:
693 2082 884 2185 εὐοχθέων
914 2080 944 2158 δ’
974 2079 1069 2171 ἵξεαι
1097 2084 1220 2160 πολιόν
1250 2083 1329 2185 έαρ,
1359 2083 1445 2160 οὐδὲ
1472 2088 1562 2185 πρὸς
1591 2084 1726 2170 άλλοος
1759 2135 1803 2146 -

285 2227 322 2296 in
351 2225 409 2297 his
438 2224 607 2297 versibus
636 2225 697 2295 vix
728 2246 814 2297 casu
843 2223 984 2295 facturn
1015 2246 1094 2296 esse
1125 2227 1167 2294 ut
1195 2225 1386 2316 correptio
1416 2223 1483 2296 fiat
1513 2226 1551 2295 in
1581 2224 1714 2316 quinta
1741 2225 1941 2298 trochaica

284 2381 439 2432 caesura
466 2357 710 2451 postmodum
740 2358 1004 2430 demonstrare
1033 2358 1254 2430 corrnbimur
1271 2353 1298 2430 ².

390 2493 419 2564 H
461 2494 609 2581 ceteris
653 2493 715 2585 qui
758 2493 1000 2586 correptione
1036 2494 1207 2579 utuntur,
1238 2492 1329 2564 locis
1372 2492 1446 2564 duo
1490 2496 1643 2564 exstant
1670 2492 1709 2563 iu
1737 2491 1806 2564 ΤΚ.
1838 2493 1938 2565 463;

284 2620 386 2698 ‘Peior
415 2619 444 2695 δ’
473 2618 739 2722 ὑποδμηθεῖσα
766 2619 896 2722 Κρόνῳ
925 2619 1001 2695 κτλ.
1023 2629 1063 2698 et
1082 2627 1177 2698 476;
1209 2620 1302 2721 ἀμφὶ
1320 2619 1450 2721 Κρόνῳ
1476 2620 1626 2721 βασιλῆι
1644 2620 1740 2711 κτλ.;
1770 2628 1835 2719 qui
1856 2627 1940 2700 iure

284 2737 371 2833 miri
413 2761 600 2848 dicuutur,
645 2784 760 2852 quum
803 2783 849 2832 ex
877 2760 1116 2854 undeviginti
1145 2760 1249 2846 locis,
1280 2761 1343 2852 qni
1371 2760 1443 2833 hoc
1472 2782 1611 2833 nomen
1640 2760 1834 2848 exhibent,
1865 2761 1939 2835 soli

284 2897 336 2967 hi·
350 2895 511 2967 iambica
539 2897 698 2966 utantur
726 2894 861 2986 lbraua,
891 2895 1027 2967 ceteris
1050 2894 1243 2988 pyrrichio
1261 2893 1386 2966 forma
1410 2895 1485 2966 usis
1502 2890 1529 2966 ³¹.
1585 2894 1641 2966 Sc.
1670 2918 1787 2965 unum
1808 2917 1938 2967 exem-

283 3030 388 3123 plum
431 3028 595 3116 exhibet,
631 3028 721 3099 196;
759 3020 831 3098 οἷον
860 3022 906 3123 δη·
935 3008 1406 3123 construentem,
1435 3028 1473 3098 iu
1503 3027 1569 3121 Op.
1601 3029 1674 3100 duo
1705 3028 1937 3117 invenimus,

285 3164 352 3235 93;
389 3155 482 3261 αἶψα
499 3159 579 3258 ’γάρ
610 3155 649 3232 ἐν
676 3161 852 3258 κακότητι
881 3157 999 3258 βροτοί
1027 3156 1115 3246 κτλ,
1147 3162 1240 3233 691;
1270 3159 1332 3232 καί
1361 3156 1443 3257 βοὸς
1472 3154 1667 3256 ὑλοφάγοιο
1695 3157 1809 3257 κρέας
1837 3157 1939 3247 κτλ.;

285 3294 587 3301 --.---.-.-.-
614 3294 709 3300 -.-..-..-

396 3338 491 3402 ¹H0s
524 3362 626 3402 versus
658 3362 719 3401 non
755 3342 855 3400 addidi
890 3341 935 3411 iis,
971 3342 1023 3417 qui
1057 3341 1180 3400 metrica
1204 3342 1377 3399 necessitate
1402 3341 1575 3417 corripiunt,
1601 3341 1671 3416 quia
1695 3356 1738 3395 -ι-
1763 3340 1792 3398 iu
1816 3341 1939 3401 casibus

283 3450 412 3527 obliquis
447 3469 562 3526 semper
596 3453 640 3509 est
674 3449 772 3508 brevis
808 3449 887 3524 opud
911 3448 1088 3508 Hesiodum:
1120 3424 1293 3523 Κρονῖωνος
1316 3448 1370 3506 ΤΚ.
1397 3449 1426 3519 4,
1453 3422 1600 3522 Κρονῖωνι
1624 3448 1678 3505 ΤΚ.
1705 3449 1777 3517 634,
1802 3447 1851 3506 So.
1880 3450 1934 3517 63,

285 3561 335 3627 66,
372 3556 427 3634 Op.
464 3560 515 3627 69,
551 3558 624 3628 269,
661 3561 695 3614 nt
729 3575 844 3632 semper
879 3555 968 3614 etiam
1003 3556 1033 3614 in
1056 3556 1262 3632 patronymico
1288 3529 1449 3633 Κρονίδης,
1474 3555 1553 3631 quod
1577 3559 1674 3614 exstat
1697 3554 1791 3613 decies
1815 3559 1938 3630 quater.

283 3643 450 3740 Κρονῖονος
474 3664 556 3723 nobis
580 3664 711 3723 occurrit
734 3663 778 3722 bis
803 3663 883 3738 apud
907 3662 1086 3721 Homerum:
1112 3663 1147 3719 ll.
1172 3662 1252 3725 xlv.
1279 3662 1352 3737 247,
1377 3660 1432 3720 Od.
1457 3662 1509 3731 xl,
1535 3663 1609 3721 629.
1656 3663 1745 3737 Apud
1769 3661 1939 3721 Pindarum

283 3748 428 3847 Κρονῖων,
453 3792 543 3847 quam
568 3774 693 3830 ferinam
718 3790 776 3829 non
800 3769 923 3845 agnovit
946 3769 1093 3828 Homerus
1119 3788 1212 3844 neque
1237 3768 1392 3836 Hesiodus,
1418 3772 1514 3827 exstat
1537 3770 1626 3844 l'yth.
1651 3768 1707 3836 ΙΙΙ,
1733 3768 1784 3837 67,
1808 3768 1861 3839 IV,
1883 3770 1938 3840 23,

284 3878 370 3938 Nem.
396 3879 419 3949 l,
448 3879 497 3952 16,
522 3879 574 3945 lx,
601 3880 652 3947 28,
677 3879 712 3947 Χ,
740 3877 791 3946 76,
818 3861 952 3951 Κρονῖων
976 3876 1021 3935 bis
1045 3876 1195 3933 iuvenitur
1218 3871 1368 3951 (hurupel,
1394 3875 1521 3935 lrexicou
1546 3876 1759 3946 Pindaricum).
1896 3874 1901 3881 ’

395 3981 406 4017 ¹
430 3986 534 4061 Neque
559 3985 690 4061 cogitare
713 3985 783 4042 licet
806 3984 841 4042 de
865 3985 969 4052 lomna,
995 3987 1139 4058 quaeest
1163 3974 1238 4041 ποτ’,
1263 3983 1282 4040 i.
1307 4002 1332 4039 e.
1359 3980 1424 4037 ποτί
1448 4001 1502 4058 pro
1526 4002 1569 4052 ea,
1588 4002 1678 4058 quam
1694 3981 1763 4040 libri
1783 3981 1938 4054 exhibent,

283 4113 374 4169 quum
411 4099 441 4152 et
475 4094 534 4151 iam
568 4093 648 4168 apud
682 4092 845 4150 Homerum
869 4093 984 4149 exstent
1007 4096 1075 4148 anto
1098 4089 1347 4165 praepositionem
1371 4087 1446 4165 πρός
1468 4091 1685 4166 correptiones:
1711 4090 1835 4144 τοιαῦτα
1859 4085 1940 4165 πρὸς

283 4191 448 4280 ἀλλήλους,
484 4201 533 4270 al,
571 4220 665 4275 noque
700 4194 765 4254 ποτί
801 4198 880 4274 apud
908 4197 1072 4256 Homerum
1095 4202 1148 4256 aut
1172 4196 1334 4255 Hesiodum
1358 4196 1476 4254 elisione
1500 4197 1621 4255 amittat
1644 4198 1776 4255 vocalem
1799 4195 1937 4256 finalem.

199 4281 203 4289 ⁸
283 4307 389 4365 Exstat
422 4309 494 4365 haec
529 4307 755 4382 praepositionis
791 4307 885 4364 forma
908 4309 955 4364 ter
978 4305 1058 4380 apud
1082 4304 1260 4363 Hesiodum:
1286 4302 1331 4361 Sc.
1358 4304 1398 4360 89
1424 4302 1466 4365 lin
1490 4323 1592 4363 versus
1617 4303 1760 4373 clausula,
1785 4321 1821 4359 ue
1846 4322 1937 4378 spen-

283 4414 384 4473 diacus
408 4415 488 4485 iiatlz
515 4403 693 4493 ὲάστέροινον
717 4407 783 4468 ποτὶ
807 4406 961 4491 mpura·
987 4411 1041 4487 Op.
1068 4413 1147 4469 552:
1173 4402 1284 4466 ἄλλοτε
1309 4408 1362 4487 μέν
1377 4401 1409 4464 θ’
1422 4399 1468 4465 ὃτι
1481 4406 1546 4466 ποτὶ
1560 4401 1694 4486 ἕσπερον,
1710 4410 1790 4467 696;
1806 4399 1937 4484 Ὡραῐος

284 4513 317 4576 δὲ
352 4523 479 4592 γυναῖκα
513 4516 578 4576 τεὸν
608 4517 679 4575 ποτὲ
714 4510 796 4576 οἷκον
827 4511 969 4591 ἄγεσθαι.
1017 4518 1140 4576 Nullum
1164 4538 1199 4576 ex
1223 4518 1277 4576 hae
1301 4519 1396 4575 formo
1420 4518 1555 4576 iunctum
1580 4518 1703 4575 verbum
1726 4515 1881 4574 invenitur
1905 4518 1938 4576 in

284 4627 463 4687 carminibus
487 4627 649 4686 Hesiodeis.

393 4725 551 4810 8Κρόνος
585 4734 697 4810 legitur
731 4734 786 4792 Th.
825 4734 896 4803 137,
936 4733 1007 4802 168,
1045 4733 1118 4799 469,
1144 4731 1219 4804 473,
1245 4734 1319 4800 496,
1345 4732 1400 4807 Op.
1429 4731 1507 4802 1693
1534 4721 1652 4806 Κρόνου
1676 4731 1730 4789 ΤΚ.
1757 4730 1831 4800 396,
1858 4733 1939 4797 626.

285 4843 359 4914 639,
385 4842 458 4911 648,
484 4842 558 4909 669,
585 4841 658 4910 668,
683 4840 738 4916 Op.
766 4840 844 4910 111;
871 4830 978 4915 Κρόνῳ)
1001 4842 1120 4915 praeter
1142 4839 1232 4910 locos,
1258 4840 1293 4897 de
1318 4839 1426 4914 quibus
1450 4838 1480 4895 iu
1504 4842 1645 4897 contextu
1669 4837 1851 4912 disputatur,
1879 4839 1938 4899 Th.

285 4951 365 5019 6343
402 4938 519 5024 Κρόνον
555 4949 610 5007 ΤΚ.
648 4948 697 5017 19,
736 4947 786 5016 73,
823 4948 897 5005 861.
944 4948 1067 5004 Praeter
1102 4946 1156 5004 Th.
1182 4948 1255 5010 463.
1282 4946 1355 5013 476,
1382 4947 1456 5016 669,
1481 4944 1536 5021 Op.
1565 4944 1622 5002 111
1648 4944 1760 5018 ubique
1784 4944 1940 5021 excipitur

284 5076 406 5119 caesura
429 5055 574 5115 bucolica.
621 5055 676 5112 ΤΚ.
702 5056 776 5127 669,
801 5054 856 5129 Op.
884 5053 942 5111 111
969 5054 1090 5112 secundi
1114 5053 1225 5129 dactyli
1249 5054 1327 5112 arsin
1352 5053 1449 5112 efficit.
