4464 6082
286 290 358 362 156
461 358 464 362 .
827 317 889 371 aa.
910 316 1042 370 salian:
1062 315 1161 371 seuera
1180 315 1324 371 aalma.
1360 316 1383 371 1.

388 502 426 576 81
461 503 543 575 iure
579 502 772 574 docuimus
802 502 999 575 elisionem
1027 502 1074 575 ad
1103 501 1349 575 minuendam
1377 501 1571 576 incisionis
1598 501 1678 574 vim
1706 500 1852 588 valere,
1882 500 1934 571 in·

282 637 590 731 terpunctionem
610 639 739 710 autem
760 659 844 710 eam
864 636 1027 725 firmare,
1049 636 1191 710 debent
1208 637 1422 723 incisiones,
1443 642 1539 731 quae
1559 636 1599 708 in
1614 635 1773 710 elisione
1787 633 1934 729 positae

282 775 383 859 sunt,
413 771 535 843 rarius
564 793 678 864 quam
697 792 793 864 quae
822 771 1019 844 elisionem
1047 794 1125 843 non
1154 770 1337 845 exhibent
1363 772 1402 843 in
1430 769 1742 865 interpunctione
1772 771 1933 842 exstare.

283 905 390 990 Quod
418 904 535 977 etiam
564 904 768 978 observare
796 904 896 977 licet.
953 905 1074 990 Quum
1103 905 1205 977 enim
1234 927 1254 979 e
1280 906 1568 999 comparatione
1586 903 1814 977 incisionum
1834 900 1933 996 (pag.

289 1040 350 1128 14)
394 1042 433 1111 et
475 1039 826 1132 interpunctionem
869 1036 970 1132 (pag.
1006 1039 1068 1127 48,
1097 1039 1194 1131 sqq.)
1224 1041 1396 1132 emergat
1423 1036 1718 1114 decimam‚fere
1747 1058 1935 1130 quamque

284 1174 505 1246 incisionem
548 1173 586 1244 in
628 1172 937 1266 interpunctione
979 1173 1081 1266 poni,
1125 1173 1361 1267 comparatio
1404 1173 1506 1246 inter
1538 1170 1871 1265 interpunctiones
1899 1173 1936 1243 et
1993 1158 1999 1165 ’

284 1307 460 1380 elisiones
488 1307 667 1378 instituta
694 1306 1013 1379 undevicesimam
1042 1306 1122 1380 fere
1142 1328 1330 1400 quamque
1350 1305 1547 1380 elisionem
1566 1305 1606 1377 in
1625 1286 1936 1398 interpunctione

284 1440 509 1513 collocatam
539 1462 618 1514 esse
647 1440 759 1513 docet
778 1436 802 1512 ¹.

391 1574 511 1663 Nunc,
554 1575 712 1648 elisione
755 1575 983 1663 examinata,
1025 1575 1197 1668 sequitur
1238 1577 1282 1647 ut
1323 1577 1551 1647 annotemus
1578 1573 1718 1661 hiatus,
1748 1571 1814 1666 qui
1844 1571 1938 1643 liunt

284 1710 386 1781 inter
414 1709 548 1782 breves
577 1708 726 1782 vocales
742 1708 885 1805 ,finales
914 1710 954 1782 et
982 1709 1132 1782 vocales
1161 1709 1393 1802 excipientes
1411 1702 1437 1782 ⁹.

392 1843 435 1915 In
480 1843 646 1915 hiatibus
674 1842 903 1915 annotandis
932 1865 978 1916 eo
1007 1846 1159 1916 utemur
1188 1842 1334 1931 ordine,
1362 1845 1406 1914 ut
1433 1842 1599 1936 primum
1626 1831 1851 1928 afferantur,
1878 1840 1937 1933 qui

284 1977 323 2048 in
351 1977 469 2050 tertia
504 1976 698 2050 trochaica
726 1979 793 2048 aut
820 1977 860 2048 in
889 1976 1059 2049 bucolica
1086 1998 1241 2049 caesura
1268 1958 1385 2069 positi
1412 1978 1514 2063 suut,
1543 1977 1678 2069 utpote
1708 1975 1774 2069 qui
1804 1995 1825 2047 e
1855 1996 1935 2047 cae·

284 2134 456 2183 surarum
500 2109 682 2183 firmitate
712 2111 993 2183 excusationem
1022 2110 1185 2203 aliquam
1216 2109 1287 2182 sibi
1315 2112 1463 2204 petant.
1517 2108 1614 2181 Tum
1641 2112 1855 2202 sequentur
1882 2130 1937 2182 ce-

285 2397 371 2469 Quod
395 2401 522 2475 quartus
549 2416 600 2474 pes
623 2397 755 2457 omnium
778 2397 943 2458 rarissimas
967 2397 1086 2456 exhibet
1109 2397 1252 2467 elisiones,
1277 2416 1312 2455 ex
1336 2415 1371 2455 ea
1394 2415 1426 2454 re
1448 2395 1566 2472 pendet,
1591 2394 1672 2470 quod
1694 2393 1938 2471 semiseptenaria

285 2509 316 2565 et
338 2506 474 2566 bucolica
497 2524 640 2581 perquam
663 2505 765 2563 firmae
789 2509 860 2564 sunt
883 2523 1032 2579 caesurae,
1057 2504 1255 2562 infirmissima
1278 2506 1387 2580 quartu
1410 2502 1561 2562 trochaica
1583 2502 1686 2561 eadem
1709 2501 1866 2561 rarissima
1887 2506 1939 2561 est.

392 2613 534 2692 illisiones
558 2613 588 2671 in
612 2612 707 2688 primo
731 2613 804 2688 pede
828 2632 918 2688 quam
942 2612 1061 2670 minime
1084 2612 1223 2670 molestas
1247 2629 1309 2670 esse
1332 2611 1399 2669 inde
1423 2609 1513 2668 etiam
1536 2610 1641 2680 elucet,
1667 2608 1747 2684 quod
1771 2609 1893 2668 suntin
1908 2628 1940 2669 eo

285 2722 350 2780 loco
374 2720 494 2796 dactyli,
520 2719 571 2796 qui
595 2720 658 2778 eius
674 2719 753 2778 modi
778 2722 877 2778 ternas
901 2719 1068 2785 exhibeant,
1092 2722 1128 2777 ut
1151 2717 1206 2777 Th.
1224 2718 1298 2787 330,
1316 2718 1390 2787 466,
1416 2717 1490 2793 633,
1508 2715 1554 2776 Sc.
1572 2715 1646 2786 374,
1669 2715 1751 2786 384,
1777 2715 1841 2776 eius
1860 2716 1937 2776 modi

286 2829 452 2904 exemplum
476 2848 491 2886 e
515 2826 618 2886 ceteris
643 2826 768 2902 pedibus
790 2845 883 2884 unum
906 2829 1026 2885 tantum
1050 2825 1237 2901 deprehendi,
1263 2825 1317 2884 Th.
1344 2824 1417 2896 689,
1442 2824 1473 2882 in
1496 2823 1586 2884 tertio
1609 2823 1739 2899 dactylo.

398 2929 409 2966 ¹
433 2934 497 2993 Hae
521 2934 654 2993 elisiones
678 2933 708 2992 in
731 2932 972 3009 interpunctione
995 2932 1109 3009 positae
1132 2936 1218 2991 sunt:

287 3042 316 3101 in
340 3042 384 3100 l:a
438 3041 530 3100 thesi:
557 3040 611 3099 Th.
638 3040 711 3109 283,
737 3041 812 3114 426,
838 3041 912 3099 853.

302 3195 313 3221 ,
344 3149 404 3208 Ilm
471 3194 482 3221 ,
555 3149 610 3207 Th.
638 3147 688 3220 79,
716 3147 789 3219 199,
816 3147 888 3217 215,
916 3147 989 3215 252,
1015 3146 1089 3216 403,
1115 3146 1190 3212 435,
1217 3144 1290 3213 741,
1316 3143 1390 3213 937,
1416 3143 1490 3216 977,
1515 3144 1562 3203 Sc.
1589 3141 1662 3202 110.

302 3302 313 3327 ,
344 3256 420 3315 lll:a
471 3302 482 3327 ,
555 3255 610 3314 Th.
639 3254 709 3324 127,
736 3255 810 3324 335,
835 3253 882 3314 Sc.
909 3252 981 3324 174,
1009 3253 1081 3325 218,
1108 3253 1181 3319 255,
1208 3251 1281 3322 263,
1308 3251 1383 3322 309,
1408 3248 1482 3321 479,
1507 3249 1562 3328 Op.
1589 3251 1640 3321 24,
1669 3247 1741 3322 144,
1768 3252 1846 3323 268,
1870 3252 1940 3320 348,

559 3363 634 3435 339,
659 3363 733 3432 456,
759 3361 833 3420 512.
868 3359 872 3366 ’

303 3471 418 3544 ,IVza
475 3515 486 3541 ,
558 3469 614 3528 Th.
642 3469 713 3540 149,
738 3467 794 3545 Op.
821 3467 894 3526 774.

304 3624 315 3652 ,
347 3579 404 3637 Vm
475 3622 486 3649 ,
558 3575 614 3652 Op.
640 3577 692 3634 39.
739 3575 837 3635 Libris
871 3574 1106 3642 vaccillantibus.
1131 3574 1161 3633 in
1185 3575 1241 3633 hac
1264 3573 1397 3633 clausula
1420 3573 1579 3650 legendum
1594 3574 1647 3632 'est
1669 3575 1725 3631 aut
1748 3562 1828 3651 εἶχε,
1853 3571 1940 3653 νόησε

557 3688 611 3742 aut
642 3673 711 3761 εἶχ’,
744 3673 859 3760 ἐνόησε.
907 3682 971 3741 Hoc
994 3681 1058 3740 iure
1083 3681 1210 3740 editores
1233 3683 1366 3753 exarant,
1391 3700 1485 3756 quum
1509 3666 1637 3738 alterum
1660 3680 1833 3755 exemplum
1855 3680 1942 3739 inter·

560 3789 728 3867 punctionis
763 3789 793 3848 in
828 3789 933 3865 quinta
968 3788 1118 3848 trochaica
1154 3806 1275 3847 caesura
1309 3786 1422 3863 positae
1451 3804 1510 3845 non
1534 3788 1629 3845 exstet
1663 3786 1745 3863 apud
1768 3784 1942 3848 Hesiodum.

559 3897 667 3956 Confer
690 3916 759 3973 pag.
786 3898 837 3968 50,
862 3915 927 3972 sqq.

289 4052 316 4082 Ι,
347 4007 392 4066 l:o
424 4006 536 4065 trech:
562 4005 617 4063 l'h.
643 4004 717 4073 392,
743 4003 817 4072 490,
843 4003 917 4072 532,
943 4003 1018 4062 664.

307 4113 425 4184 ,11120
477 4157 488 4185 ,
560 4112 615 4171 Th.
644 4110 716 4169 115.

292 4225 359 4297 post
382 4219 459 4278 l:um
512 4219 691 4295 spondeum:
717 4216 772 4274 Th.
799 4217 849 4286 28,
877 4216 949 4289 187,
978 4216 1049 4286 193,
1075 4216 1148 4286 231,
1174 4214 1348 4286 274,’372,
1373 4213 1447 4283 377,
1473 4213 1547 4286 473,
1574 4213 1648 4290 703,
1673 4214 1748 4286 904,
1777 4214 1877 4290 1011,
1900 4217 1945 4277 Sc

720 4324 771 4395 26,
799 4320 871 4394 103,
898 4323 972 4394 242,
998 4324 1070 4395 245,
1096 4324 1170 4394 469,
1195 4321 1251 4399 Op.
1278 4321 1351 4392 209,
1378 4318 1452 4392 210,
1478 4320 1553 4391 641,
1578 4320 1652 4392 683,
1678 4321 1755 4381 692.

320 4479 332 4505 ,
385 4435 461 4493 Imm
514 4433 682 4509 dactylum:
719 4431 773 4489 Th.
807 4430 880 4500 108,
906 4430 981 4499 395,
1006 4429 1081 4497 419,
1107 4430 1180 4498 586,
1206 4431 1280 4499 655,
1307 4427 1381 4500 739,
1407 4427 1469 4486 740
1495 4427 1570 4500 810,
1590 4427 1642 4503 Sc.
1668 4428 1743 4500 288,
1769 4429 1847 4502 421,
1873 4432 1948 4502 423,

720 4538 793 4606 450,
818 4536 874 4613 Op.
900 4538 951 4607 59,
978 4536 1029 4606 69,
1056 4536 1107 4600 86,
1133 4536 1185 4607 95,
1212 4536 1285 4607 268,
1311 4534 1385 4607 314,
1412 4535 1485 4595 762.

322 4694 333 4719 ,
385 4646 490 4705 lvzum
586 4691 597 4717 ,
719 4645 774 4703 Th.
802 4644 874 4715 116,
902 4643 974 4715 778,
999 4643 1054 4720 Op·
1080 4643 1132 4702 37.

404 4746 417 4783 ²
441 4751 576 4829 Apparet
600 4751 698 4813 hiatus
723 4751 817 4811 illiciti
841 4751 957 4810 nomine
982 4769 1039 4809 nou
1063 4745 1158 4809 teneri
1184 4770 1251 4808 eum
1276 4751 1424 4809 vocalium
1448 4770 1634 4814 concursum.
1658 4749 1711 4826 qui
1735 4751 1771 4809 fit
1795 4751 1879 4813 inter
1902 4773 1951 4814 vo

294 4861 381 4930 cales,
406 4878 534 4935 quarum
558 4859 685 4934 priorem
711 4877 768 4917 uon
792 4858 861 4918 licet
884 4857 1002 4918 elisione
1026 4876 1221 4917 summovere.
1268 4855 1333 4927 Quo
1357 4858 1507 4933 pertinent
1529 4857 1674 4934 imprimis
1698 4877 1799 4929 voces,
1827 4880 1908 4937 quas
1923 4862 1953 4920 in

295 4967 368 5025 duas
404 4966 507 5023 laevos
543 4965 656 5023 vocales
692 4969 831 5026 exeuntes
865 4965 1059 5042 posteriorem
1089 4964 1148 5023 iam
1179 4964 1299 5024 elisione
1328 4968 1564 5035 summoverunt,
1588 4968 1624 5023 ut
1647 4951 1719 5020 οἰκί’
1746 4956 1876 5045 ἔχουσιν
1900 4969 1955 5029 Th.

296 5075 348 5144 64,
373 5077 430 5131 etc.
477 5071 567 5133 Ouiuu
591 5073 632 5133 rei
657 5073 790 5151 exempla
814 5072 872 5131 iem
896 5077 1040 5136 annotata
1063 5074 1134 5132 sunt
1156 5071 1234 5132 inter
1256 5071 1401 5134 elisiones.
