4464 6082
215 371 216 375 ἵ
285 264 334 338 88
831 295 1048 353 son-Paulson:
1068 294 1167 352 Studia
1186 295 1329 354 Hesiodea.
1367 296 1387 352 1.

285 480 374 570 219,
417 481 483 576 Op.
532 483 564 571 l,
610 482 677 570 76;
717 486 807 555 ante
837 475 875 552 δν
904 482 971 555 Τ6.
1002 483 1098 570 826;
1129 487 1220 556 ante
1246 504 1291 579 γρ
1320 483 1380 556 Fr.
1412 483 1520 572 24,3;
1550 488 1640 558 ante
1669 506 1709 581 τρ
1743 484 1813 559 Th.
1847 485 1942 558 287.

284 614 351 709 Op.
386 615 457 688 162
484 616 574 720 libri
603 617 675 711 ipsi
704 617 885 689 exhibent
912 637 931 687 ν
959 617 1253 711 paragogicum5
1285 641 1436 690 versum
1465 642 1603 711 magno
1632 642 1817 692 consensu
1848 643 1941 713 spu-

284 750 381 821 rium
411 751 553 823 ducunt
582 750 749 823 editores
767 747 792 824 ¹.
895 841 897 846 Ι

1033 1154 1112 1227 Car.
1142 1154 1186 1228 V.

291 1358 352 1439 De
379 1359 587 1464 positione
616 1358 715 1439 ante
744 1359 850 1439 elias
879 1359 1080 1462 quasdam
1108 1382 1384 1440 consonarum
1413 1360 1727 1442 coniunctiones
1757 1361 1930 1442 omissa.

389 1583 460 1656 Hic
501 1586 705 1677 tamquam
738 1584 956 1678 appendicis
997 1582 1080 1657 loco
1110 1582 1219 1655 nobis
1247 1584 1285 1654 in
1315 1606 1474 1657 examen
1504 1585 1674 1657 vocanda
1701 1590 1790 1658 sunt
1819 1608 1937 1679 quae-

284 1716 369 1788 dam
401 1719 586 1810 exempla,
616 1739 712 1811 quae
741 1717 972 1810 producendi
1003 1718 1126 1811 legem
1154 1717 1298 1790 violare
1328 1717 1517 1791 videntur.

389 1833 444 1924 De
480 1852 653 1924 variante
688 1850 851 1924 lectione
880 1845 1099 1946 ἀπάλαμνον
1128 1850 1195 1945 Op.
1227 1852 1276 1924 20
1305 1874 1374 1945 pro
1404 1874 1460 1940 ea,
1490 1866 1586 1946 quaa
1615 1875 1706 1934 vera
1733 1856 1804 1941 est,
1835 1849 1940 1922 ἀπά-

284 1979 400 2080 λαμον
430 1986 506 2056 iam
533 2008 618 2079 pag.
650 1986 712 2072 58,
742 2008 779 2057 n.
814 1986 845 2073 l,
875 1986 1111 2058 mentionem
1139 1984 1306 2058 fecimus.
1362 1985 1417 2057 Ex
1435 1987 1493 2074 iis,
1514 2009 1610 2080 quae
1630 1990 1764 2080 postea
1783 1987 1831 2061 de
1851 2009 1936 2059 cor·

283 2120 459 2213 reptione
505 2120 605 2213 apud
652 2119 860 2191 Hesiodum
906 2104 1193 2212 disputavimus,
1242 2124 1414 2213 apparet,
1462 2121 1586 2208 credo,
1640 2120 1937 2212 Mommsenum,

283 2253 474 2347 Supplem.
518 2253 566 2324 ad
595 2252 702 2324 Pind.
733 2252 895 2348 Olymp,
926 2275 1011 2347 pag.
1044 2253 1078 2340 6,
1108 2253 1200 2341 falli,
1230 2254 1293 2346 qui
1323 2253 1415 2326 dicit
1434 2255 1717 2348 correptionum
1738 2254 1939 2327 licentiam

283 2373 467 2460 summam
512 2409 592 2460 esse
634 2387 733 2480 apud
769 2386 987 2460 Hesiodum.
1044 2386 1155 2475 Nam,
1188 2390 1373 2480 utsupra
1402 2388 1575 2477 vidimus,
1604 2388 1684 2460 fere
1712 2411 1789 2461 non
1818 2389 1938 2461 aliam

283 2520 354 2625 sibi
383 2521 545 2614 sumpsit
573 2521 768 2593 licentiam
797 2543 909 2614 quam
938 2544 1012 2614 qua
1040 2521 1115 2591 iarn
1145 2543 1232 2592 usus
1261 2524 1319 2592 est
1347 2520 1547 2595 Homerus
1612 2538 1615 2544 ·

389 2654 616 2727 Difficillime
657 2658 715 2726 est
743 2654 927 2747 quaestio,
958 2654 1148 2746 quomodo
1178 2654 1445 2747 appellandum
1473 2657 1523 2727 sit
1550 2679 1691 2729 nornen
1720 2657 1941 2763 proprium,

284 2788 384 2881 quod
427 2792 485 2861 est
525 2779 757 2882 Ἠλεκτρύων
775 2782 807 2875 2;
852 2787 898 2860 de
940 2811 1014 2881 qua
1055 2810 1148 2860 voce
1186 2789 1262 2859 iam
1291 2788 1482 2881 permulta
1509 2790 1651 2883 scripta
1678 2793 1785 2878 sunt;
1817 2813 1940 2883 quare

283 2922 457 3016 religioni
498 2944 620 3015 paene
662 2921 782 2994 habeo
826 2921 882 3010 iis,
917 2944 1012 3014 quae
1041 2922 1117 2993 iam
1146 2924 1310 3015 exstant,
1340 2922 1670 3015 disputatiunculis
1697 2946 1840 2996 novam
1869 2925 1937 2996 ad-

284 3056 385 3143 dere,
416 3079 530 3148 quum
560 3056 786 3148 praesertim
814 3079 891 3128 non
926 3078 1079 3154 sperem
1104 3056 1187 3129 fore
1215 3059 1259 3127 ut
1288 3049 1491 3149 quidquam
1520 3058 1615 3130 certi
1644 3057 1704 3129 vel
1733 3057 1936 3146 eiusmodi,

285 3190 385 3287 quod
414 3189 497 3261 aliis
526 3189 765 3282 persuadeat,
796 3213 937 3262 eruam.

393 3322 583 3417 Syllabam
612 3343 738 3419 -εκτρ-
757 3323 862 3396 nullo
883 3324 997 3396 modo
1017 3324 1158 3441 corripi
1178 3346 1288 3417 posse
1307 3329 1478 3418 apparet,
1501 3349 1616 3418 quum
1636 3326 1712 3397 iarn
1731 3325 1793 3397 vix
1815 3327 1936 3398 corri-

284 3457 413 3550 piatur
454 3456 600 3552 syllaba
632 3460 722 3529 ante
750 3457 858 3529 binas
887 3480 1081 3530 consonas.
1139 3458 1261 3542 Quare
1289 3458 1320 3530 si
1349 3459 1431 3551 quis
1460 3459 1595 3532 doceat
1623 3460 1719 3532 hanc
1747 3481 1883 3533 vocem
1915 3485 1939 3532 a

285 3590 436 3685 dactylo
466 3591 643 3684 incipere,
665 3613 751 3663 eum
771 3592 847 3662 iam
867 3591 1022 3663 missum
1041 3591 1209 3664 tacimus.
1267 3591 1372 3677 Quod
1391 3596 1521 3665 autem
1541 3592 1656 3667 (ln-Fi
1678 3595 1717 3664 in
1737 3615 1936 3667 cominen-

285 3725 384 3797 tario
428 3724 567 3797 docent
608 3745 629 3794 o
672 3728 712 3797 et
740 3744 791 3794 (ον
819 3724 984 3818 syllabas
1012 3726 1296 3819 pronuntiando
1325 3726 1364 3797 in
1395 3750 1508 3798 unam
1537 3727 1650 3815 coire,
1680 3728 1772 3799 satis
1801 3727 1937 3801 obseu-

284 3881 369 3929 rum
397 3862 466 3930 est.
523 3857 602 3943 Qua
630 3858 731 3930 enim
760 3858 910 3931 ratione
939 3857 1020 3931 fieri
1049 3859 1232 3953 potuerit,
1262 3883 1339 3930 non
1368 3860 1491 3948 video,
1512 3861 1583 3933 nisi
1608 3861 1701 3932 mihi
1720 3862 1939 3935 concedunt

285 3996 351 4062 aut
379 4013 400 4061 o
428 4014 505 4062 non
534 3991 768 4085 appellatum
797 3991 923 4079 fuisse,
954 3993 1054 4085 quod
1083 3993 1148 4064 alii
1176 3992 1326 4082 docent,
1357 3997 1424 4064 aut
1457 4040 1498 4048 -
1531 3994 1581 4084 id,
1612 3995 1711 4087 quod
1741 3995 1825 4067 aliis
1856 4019 1938 4068 ma-

284 4126 341 4219 gis
369 4126 495 4219 placet
526 4171 569 4178 -
602 4125 641 4195 in
669 4148 875 4198 consonam
904 4126 1113 4220 spirantem
1142 4126 1289 4198 abiisse.

398 4408 408 4445 ¹
430 4413 510 4472 Ante
535 4413 606 4471 alias
631 4431 772 4472 consonas
796 4432 886 4488 quam
910 4416 1024 4472 mutarn
1048 4433 1114 4472 eum
1138 4414 1253 4489 liquida
1275 4432 1526 4490 supervacaneum
1552 4430 1566 4470 ν
1589 4415 1804 4492 paragogicum
1820 4416 1941 4477 addidit

285 4520 340 4578 Th.
367 4519 446 4578 211:
484 4511 584 4575 ἔτεκεν
620 4517 770 4595 στυγερόν·
802 4520 882 4578 601:
908 4515 1005 4598 θῆκεν
1028 4513 1182 4599 ξυνήονας·
1208 4521 1288 4579 820:
1315 4509 1457 4586 ἐξέλασεν
1482 4512 1563 4586 Ζε6ς·
1589 4522 1635 4580 Se.
1662 4523 1742 4580 220:
1768 4514 1840 4600 ἔχεν
1864 4537 1939 4581 aas·
1992 4542 2035 4607 Q

285 4624 401 4702 ρόεντα·
425 4626 480 4702 Op.
509 4625 587 4685 117:
613 4619 717 4706 ἔφερεν
741 4615 890 4704 ζείδωρος·
920 4626 998 4686 146;
1024 4619 1131 4703 ἔμελεν
1155 4625 1320 4683 στονόεντα·
1348 4627 1425 4686 194:
1452 4623 1592 4706 possae
1617 4623 1761 4694 σκολιοῖς·
1786 4630 1839 4690 Fr.
1865 4632 1937 4702 3,3:

284 4723 439 4811 ὠνόμασεν
463 4723 546 4797 Zaba.

395 4833 529 4898 8Huius
565 4841 643 4900 vocis
678 4845 795 4899 exstant
831 4842 860 4899 in
884 4840 931 4901 Se.
955 4842 1010 4899 hae
1034 4842 1163 4900 formae:
1201 4832 1426 4917 ἸΙλεκτρὺωνος
1450 4843 1479 4912 3,
1504 4839 1601 4922 -ώνης
1626 4844 1675 4913 16,
1701 4844 1753 4914 35,
1778 4839 1860 4922 -ὡνῃ
1885 4846 1940 4921 86,

286 4966 362 5023 quae
387 4966 527 5006 versuum
551 4948 697 5006 clausulas
722 4948 861 5018 efficiunt,
887 4938 1100 5022 Ἠλεκτρὺωνα
1125 4949 1176 5018 82,
1202 4968 1278 5024 quae
1302 4949 1397 5007 forma
1421 4949 1530 5025 excipit
1551 4951 1681 5026 primurn
1704 4950 1821 5026 pedem.
1863 4953 1942 5012 Har·

290 5054 342 5125 tel,
367 5054 391 5125 l,
415 5073 485 5131 pag.
511 5054 585 5126 411,
609 5055 722 5114 omittit
744 5075 774 5115 ν.
799 5055 850 5128 86,
875 5055 951 5114 falso
975 5058 1075 5114 autom
1099 5055 1171 5114 dicit
1193 5075 1221 5114 v.
1248 5055 1288 5113 82
1311 5056 1343 5114 in
1366 5057 1421 5116 hoc
1443 5075 1549 5116 nomen
1573 5057 1661 5117 exire.
