4464 6082
832 218 895 285 Joh.
914 216 1047 284 Paulson:
1066 222 1166 284 Studia
1185 216 1329 285 Hesiodea.
1366 218 1388 283 Ῑ.

391 415 444 487 Ut
485 416 602 510 igitur
636 417 671 490 11
699 416 887 489 assentior
914 439 993 488 non
1021 415 1113 487 satis
1141 414 1252 486 firma
1279 417 1506 509 argumenta
1533 413 1651 487 allata
1678 433 1774 503 esse,
1807 409 1951 507 quibus

285 551 356 623 nisi
385 573 405 622 1
434 553 616 622 contextu
645 551 731 622 tolli
759 550 954 622 iubeamus
975 549 1116 621 formas
1134 540 1408 645 Ἠλεκτρύωνος
1427 548 1605 642 aliasque,
1628 548 1763 622 excudi
1783 547 1948 635 formas,

286 707 382 777 quae
411 703 432 753 o
462 684 641 771 abiciunt,
685 683 741 755 ita
783 707 859 755 non
901 698 1062 777 possum‘
1090 683 1265 777 probaro,
1296 707 1370 776 qua
1399 684 1478 776 ipse
1508 706 1595 756 usus
1623 685 1694 772 est,
1724 680 1949 776 explicandi

285 818 487 903 rationem.
536 817 624 904 ,Bei
645 817 712 889 der
731 818 966 912 Aussprache
986 818 1092 890 ward
1112 841 1160 889 an
1181 817 1254 890 den
1274 816 1555 891 Hesiodstellen
1574 837 1595 886 o
1616 815 1946 889 halbvocalisch“.

286 951 358 1026 Sed
387 974 570 1045 quaerere
599 952 740 1039 omisit,
770 976 861 1023 num
890 952 972 1024 fieri
1001 952 1122 1045 possit
1152 955 1194 1022 11
1223 952 1403 1024 efferatur
1431 973 1685 1024 consonarum
1706 950 1948 1038 coniunctio,

287 1109 394 1178 quae,
438 1107 458 1155 o
501 1109 586 1158 cum
615 1086 832 1159 semivocali
872 1089 1034 1174 mutato,
1064 1086 1204 1160 evadit.
1262 1085 1368 1170 Quod
1397 1107 1468 1178 ego
1497 1084 1735 1157 confidenter
1763 1105 1882 1177 nego.
1927 1102 1948 1178 ρ

287 1220 389 1291 1111111
425 1242 601 1307 consona,
630 1220 702 1291 nisi
731 1221 961 1313 praemissae
990 1220 1112 1292 vocali
1140 1216 1370 1308 adnectitur,
1400 1220 1490 1291 ante
1519 1240 1723 1291 consonam
1747 1216 1949 1311 appellari

287 1376 364 1425 non
392 1356 522 1446 pot-est
541 1348 565 1423 ¹.
621 1351 674 1424 Ut
703 1353 842 1427 1111111
871 1354 909 1425 11
938 1377 1073 1426 111111
1102 1375 1310 1426 consonum
1339 1352 1463 1440 abeat,
1493 1374 1645 1426 necesse
1673 1355 1732 1424 111
1758 1342 1948 1445 adiunga-

288 1490 351 1557 tur
394 1487 578 1559 eiusmodi
621 1487 808 1574 consonis,
853 1511 944 1580 quas
972 1488 1038 1558 uni
1068 1487 1189 1560 vocali
1218 1487 1365 1559 iunctas
1395 1486 1523 1581 lingua
1550 1509 1627 1558 non
1655 1489 1820 1574 recusat,
1853 1508 1948 1579 quo-

288 1620 412 1692 minus
448 1622 581 1692 efferat
598 1614 624 1692 2.
681 1627 822 1716 -11111-
858 1624 987 1694 autem
1021 1645 1097 1693 una
1125 1621 1228 1694 vocis
1256 1622 1504 1694 contentione
1533 1620 1721 1713 appellari
1749 1642 1828 1692 non
1859 1642 1948 1714 pos

288 1756 377 1824 sunt
393 1748 420 1825 ³.
478 1753 588 1826 thius
617 1755 672 1825 rei
699 1755 731 1826 si
759 1755 950 1827 rationem
980 1754 1186 1843 habuisset,
1216 1755 1279 1827 vix
1308 1755 1576 1828 semivocalem
1605 1753 1852 1827 defendisset.

396 1884 533 1960 Omnes
561 1887 653 1976 lere,
684 1888 748 1980 qui
777 1887 815 1958 in
844 1887 1012 1961 metricis
1041 1887 1153 1961 rebus
1180 1893 1394 1977 versantur,
1424 1890 1580 1960 sumunt
1607 1889 1742 1981 poetas
1762 1887 1948 1981 antiquos

234 2082 238 2087 .
289 2044 474 2115 nusquam
522 2021 623 2115 leges
673 2021 850 2094 metricas
898 2021 1059 2094 violasse
1075 2016 1103 2094 ⁴.
1173 2020 1275 2107 Quae
1321 2021 1423 2094 aliud
1471 2024 1676 2109 testantur,
1718 2041 1948 2115 quocunque

289 2155 403 2228 modo
434 2136 515 2227 11111
543 2157 685 2248 potest,
715 2159 903 2227 conantur
931 2155 988 2226 ita
1015 2155 1216 2249 explicare,
1246 2160 1289 2226 ut
1322 2155 1429 2227 salva
1447 2134 1497 2227 sit
1516 2155 1609 2228 haec
1628 2154 1769 2248 opinio.
1828 2153 1949 2226 Nulla

289 2436 410 2475 manum
436 2415 655 2475 comoediarum
679 2414 855 2491 scriptorem
885 2449 918 2457 —
947 2434 1015 2473 nam
1038 2435 1070 2472 11
1095 2434 1165 2473 vera
1188 2414 1260 2473 nihil
1285 2415 1320 2473 111
1344 2414 1406 2473 eius
1430 2418 1552 2474 auctore
1573 2414 1680 2474 scimus
1704 2447 1734 2456 -
1756 2433 1848 2490 quarn
1865 2414 1950 2492 apud

289 2528 408 2599 poetam
444 2523 560 2598 epicum
594 2541 752 2598 graecu1n;
789 2541 881 2597 quare
916 2522 980 2580 iure
1015 2522 1181 2592 dubitatur,
1214 2542 1285 2580 num
1310 2541 1325 2580 1
1349 2521 1449 2580 Plauti
1474 2522 1608 2581 versibus
1631 2521 1767 2580 concludi
1790 2521 1888 2598 possit
1912 2522 1949 2580 111

290 2631 369 2690 vocis
405 2630 500 2688 lorma
535 2629 564 2686 in
588 2628 634 2688 Sc.
660 2627 847 2704 Quamquam
871 2630 989 2687 credere
1013 2629 1082 2687 licet
1106 2628 1206 2687 Plauti
1230 2632 1382 2687 auctorem
1406 2648 1541 2687 1111111111
1565 2630 1691 2688 formam
1713 2643 1731 2683 11
1754 2627 1948 2687 obicientem.

290 2737 449 2796 Praeterea
472 2736 570 2795 nescio
594 2720 636 2793 au⁴
655 2736 713 2793 alia
737 2735 785 2793 via
809 2738 875 2794 orta
899 2754 961 2794 esse
984 2736 1078 2812 possit
1101 2737 1196 2794 sorum
1220 2734 1371 2806 Plautina,
1396 2729 1550 2793 Electrum
1597 2735 1702 2794 Nonne
1720 2753 1827 2793 nomen
1844 2734 1949 2794 femin.

290 2845 416 2921 generis,
440 2863 516 2919 (luae
540 2847 586 2901 est
607 2836 746 2916 Electra,
771 2844 868 2901 valere
892 2843 993 2918 potuit
1015 2843 1052 2901 ad
1075 2842 1243 2919 tingendam
1267 2844 1403 2914 formam,
1428 2861 1505 2918 quae
1528 2846 1573 2901 111
1588 2835 1758 2900 Electrae?
1779 2842 1949 2919 Analogiae

292 2952 334 3010 vis
358 2951 430 3027 quin
455 2951 550 3008 multa
573 2949 708 3026 explicet,
733 2950 799 3025 quis
823 2954 877 3019 est,
903 2949 955 3025 qui
978 2950 1117 3008 dubitet?

404 3053 549 3115 ¹Eodern
584 3051 671 3116 modo
707 3056 803 3117 nescio
838 3077 876 3114 an
911 3055 1032 3114 Curtius
1068 3060 1157 3132 erret,
1182 3056 1243 3132 qui,
1280 3051 1349 3115 Das
1390 3050 1521 3115 Verbum
1556 3050 1611 3114 dcl·
1646 3049 1769 3114 Griech.
1797 3048 1949 3135 Sprcclre.

291 3160 403 3225 Zuccite
438 3157 537 3239 111111,
574 3163 612 3233 ΙΙ,
637 3184 706 3240 pag.
741 3163 812 3232 167,
838 3164 924 3223 docet
947 3164 977 3221 in
1002 3183 1098 3233 versu,
1124 3183 1212 3239 quem
1237 3182 1252 3221 1
1277 3164 1399 3222 Timone
1423 3163 1552 3223 Phliasio
1576 3164 1663 3222 affert
1684 3163 1832 3240 Diogenes
1857 3161 1950 3221 Laer-

291 3273 362 3337 tius,
389 3271 429 3339 ΙΙ,
457 3269 536 3331 126:

733 3367 837 3455 Aipov
861 3367 1037 3455 ἀναστήσας
1060 3367 1251 3457 ὀφρυωμένος
1276 3368 1505 3457 ἀφροσιβόμβαξ

292 3473 491 3565 ὠφρυωμένος
515 3486 640 3542 fortasse
664 3484 821 3559 legendum
846 3503 908 3542 esse
932 3488 962 3542 et
985 3499 1002 3537 o
1025 3484 1230 3543 semivocalem
1254 3488 1393 3543 naturam
1417 3484 1473 3543 sibi
1497 3504 1654 3543 assumere.

403 3585 524 3661 2Quod
556 3591 665 3649 attinet
697 3592 733 3649 ad
758 3592 901 3667 exempla,
926 3610 1003 3666 quae
1026 3591 1232 3650 semivocalem
1256 3607 1272 3646 u
1296 3591 1464 3650 exhibentia
1488 3591 1575 3650 affert
1598 3585 1719 3663 (1111111
1743 3589 1829 3649 Pind.
1855 3590 1949 3667 Pyth.

294 3699 345 3768 lV,
372 3699 433 3756 225
464 3731 497 3739 —
526 3698 561 3756 de
586 3718 645 3772 qua
669 3717 740 3756 voce
764 3698 865 3756 confer
889 3697 1070 3766 Heirnerum,
1095 3717 1164 3775 pag.
1193 3697 1251 3756 121
1283 3734 1330 3770 -,
1355 3689 1497 3773 ’Eprvbcov
1520 3698 1624 3773 Eurip.
1645 3697 1740 3773 lphig.
1759 3697 1852 3755 Taur.
1872 3697 1949 3768 931,

295 3805 369 3876 970,
408 3804 501 3870 llio,
539 3795 613 3859 dor)
638 3794 774 3879 ἐρικυδὲς
804 3804 833 3861 11
857 3804 981 3862 oraculo
1004 3803 1083 3878 apud
1108 3804 1218 3863 Herod.
1243 3805 1311 3874 Vll,
1338 3805 1424 3875 220),
1449 3804 1512 3863 eius
1535 3805 1615 3864 modi
1639 3821 1781 3862 consonas
1805 3803 1950 3879 iungunt,

294 3930 380 3987 (puae,
415 3912 511 3969 vocali
542 3911 712 3986 praemissa,
749 3911 833 3968 l'acilu
858 3911 1056 3985 appellentur.
1103 3909 1313 3977 Wilarnowitu,
1337 3911 1358 3970 l.
1382 3912 1402 3969 l.
1427 3925 1443 3965 u
1468 3911 1497 3968 in
1521 3911 1682 3986 spirantem
1706 3909 1812 3970 abiisse
1837 3910 1867 3969 in
1893 3912 1950 3971 hac

294 4037 365 4077 voce
400 4019 464 4076 iure
500 4022 590 4092 negat
615 4018 662 4075 ille
686 4017 822 4092 quidem,
847 4017 929 4092 (quod
952 4021 1053 4075 autem
1077 4017 1197 4076 omnino
1220 4021 1310 4095 nogat
1334 4018 1449 4076 vocales
1475 4032 1483 4072 1
1508 4021 1538 4076 11
1562 4033 1579 4073 u
1602 4017 1781 4094 spirantium
1805 4022 1952 4077 naturam

294 4125 350 4185 sibi
374 4125 511 4195 induisse,
537 4125 563 4183 ei
588 4124 764 4201 adstipulari
788 4144 847 4182 non
871 4123 976 4181 ausim.

403 4226 417 4262 ³
442 4232 497 4301 Qui
534 4247 550 4286 u
585 4232 615 4289 in
651 4250 809 4290 consonam
830 4231 911 4288 abire
935 4232 1051 4297 docent,
1077 4231 1239 4290 necessario
1263 4231 1351 4289 iidem
1375 4244 1392 4305 p
1427 4231 1457 4288 in
1493 4233 1625 4290 vocalem
1660 4230 1741 4289 abire
1773 4229 1891 4299 iubent,
1916 4237 1954 4291 ut

295 4358 403 4397 novam
437 4339 583 4413 syllabam
618 4338 731 4396 efficiat.
781 4336 837 4396 Sed
873 4337 976 4414 lingua
999 4358 1116 4413 graeca,
1141 4338 1237 4412 qualis
1261 4337 1345 4397 nobis
1369 4337 1481 4396 tradita
1504 4343 1558 4408 est,
1583 4338 1647 4397 eius
1670 4337 1749 4395 modi
1774 4351 1790 4412 ρ
1815 4357 1875 4396 non
1901 4359 1953 4417 ag-

296 4446 400 4503 noscit.
449 4444 552 4518 Neque
576 4444 734 4502 subvenire
758 4447 857 4519 potest
880 4447 976 4503 metro
1000 4444 1189 4502 claudicanti.

405 4544 417 4580 ⁴
443 4550 484 4609 L't
507 4552 674 4625 exemplum
698 4551 792 4609 instar
815 4550 946 4609 onmium
971 4551 1102 4620 afferam,
1127 4552 1199 4609 baeu
1223 4551 1314 4609 verba
1338 4552 1417 4626 apud
1441 4550 1637 4610 Schmidtium
1654 4554 1780 4621 exstant,
1798 4570 1869 4628 pag.
1888 4552 1953 4612 85:

301 4657 517 4732 ,Knittelverse
541 4658 606 4715 111111
631 4657 659 4714 in
680 4658 779 4733 jerlenr
803 4658 897 4717 Volke
921 4662 1043 4733 erueugt
1066 4658 1204 4728 worden,
1230 4658 1276 4716 die
1301 4656 1445 4716 Griechen
1469 4658 1558 4715 allein
1583 4659 1719 4716 zeichnen
1735 4658 1797 4716 sich
1814 4658 1955 4719 dadureh

297 4784 360 4831 aus,
386 4765 452 4823 dass
477 4765 538 4822 ihre.
563 4764 737 4822 classischan
761 4764 884 4822 Dichter
908 4763 1012 4822 keinen
1037 4763 1170 4839 eirmigen
1193 4764 1267 4823 Vers
1291 4764 1423 4838 gebilrlet
1446 4764 1552 4838 haben,
1578 4765 1630 4823 der
1652 4782 1748 4839 gegen
1772 4763 1819 4821 die
1835 4764 1956 4841 Regeln

297 4871 375 4930 eines
411 4871 608 4930 verleinerten
639 4870 886 4947 Sprachgeluhles
912 4868 1098 4930 verstiesse“.
1146 4870 1218 4945 Pag.
1246 4870 1323 4928 108:
1354 4915 1379 4941 ,.
1406 4915 1412 4928 .
1438 4913 1445 4928 .
1470 4870 1641 4946 iiberhaupt
1663 4871 1702 4928 ist
1726 4888 1782 4929 uns
1806 4871 1893 4931 1111111
1919 4868 1957 4933 b·-

297 4974 397 5037 ceutic
415 4975 537 5058 poetica
560 4978 608 5037 bei
632 4979 688 5037 den
713 4978 885 5037 classischen
910 4977 1053 5037 Dichtern
1077 4977 1241 5038 bohannt“.
