4464 6082
281 237 328 308 76
824 262 887 317 rou.
906 261 1042 316 Paulson:
1061 261 1161 317 sluaa
1179 260 1323 318 nestorea.
1360 260 1382 315 1.

167 493 180 515 .
283 472 379 545 quae
421 449 544 522 minus
572 448 682 522 facile
711 447 994 542 correptionem
1023 449 1194 541 patiatur
1223 447 1289 535 ita,
1320 450 1363 518 ut
1390 466 1401 516 1
1430 446 1621 533 facillime,
1651 466 1677 516 α
1706 445 1955 532 difficillime,

282 606 301 655 ε
329 608 407 656 non
437 584 556 656 multo
587 583 770 656 difficilius
800 606 912 677 quam
941 602 963 666 1,
992 602 1010 652 o
1039 578 1164 678 μικρὸν
1194 584 1335 669 autem,
1365 583 1408 652 ut
1436 581 1621 654 difficilius
1651 604 1764 674 quam
1793 601 1806 650 1
1839 585 1883 653 et
1917 600 1951 665 ε,

281 720 337 790 ita
364 718 509 792 facilius
538 740 650 810 quam
680 737 705 785 a
728 717 967 810 corripiatur,
986 716 1099 801 valde
1120 719 1178 788 est
1198 715 1364 786 dubium.
1422 715 1520 787 Nam
1542 715 1640 810 quod
1661 735 1672 784 1
1692 716 1729 787 in
1751 715 1950 809 quinqua·

281 853 389 947 ginta
430 845 575 926 duobus
618 852 800 946 exemplis
829 852 1070 925 duodevicies
1098 850 1156 938 (=
1188 851 1293 940 34,b)
1323 851 1362 922 in
1391 850 1635 944 correptione
1664 853 1734 939 est,
1766 873 1889 944 quum
1925 869 1954 918 α

195 1071 200 1080 ,
282 1011 327 1061 ex
357 989 554 1082 octoginta
582 1009 647 1060 sex
676 987 858 1080 exemplis
887 987 1062 1059 undecim
1091 984 1148 1072 (=
1184 985 1284 1075 12,8)
1304 985 1344 1056 in
1364 985 1550 1077 correptis
1569 983 1723 1079 syllabis
1744 983 1949 1072 exhibeat,

281 1122 320 1194 id
362 1121 567 1193 maximam
608 1124 759 1215 partem
801 1120 944 1214 pendet
986 1142 1030 1192 ex
1074 1142 1119 1192 ea
1147 1142 1200 1208 re,
1231 1119 1331 1212 quod
1360 1122 1477 1212 poeta
1505 1119 1552 1190 ad
1581 1118 1781 1189 arbitrium
1810 1141 1947 1222 sunm,

283 1256 345 1328 vel
364 1256 504 1349 potius,
525 1258 640 1349 prout
655 1255 825 1349 postulat
844 1258 1023 1342 metrum,
1044 1253 1200 1326 adhibet
1219 1253 1334 1324 dandi
1356 1275 1483 1324 casum
1498 1253 1595 1346 plur.
1612 1275 1715 1323 num.
1733 1254 1950 1324 exeuntem

283 1394 365 1462 tum
394 1390 434 1460 in
461 1408 544 1473 -οις,
572 1409 650 1484 -pa
679 1392 762 1460 turn
790 1388 830 1460 in
859 1408 957 1474 -otor,
986 1378 1075 1484 -ῃσί
1089 1383 1113 1460 ¹.
1171 1387 1353 1460 Praetera
1382 1387 1482 1481 apud
1511 1386 1717 1457 Pindarum
1742 1388 1950 1459 contrario

132 1578 137 1590 .
170 1616 172 1619 Ι
284 1523 397 1596 modo
440 1545 501 1595 res
542 1545 581 1596 se
609 1522 746 1605 habet;
783 1546 872 1594 nam
901 1543 913 1591 1
941 1521 1195 1615 productioni,
1224 1542 1243 1592 o
1272 1518 1397 1618 μικρὸν
1426 1519 1660 1614 correptioni
1690 1519 1856 1593 maxime
1887 1519 1948 1592 fa-

284 1681 374 1732 vere
403 1658 515 1731 docet
542 1657 710 1745 Heimor,
741 1679 825 1750 pag.
861 1656 946 1728 107.

391 1928 461 2012 Qui
476 1930 628 1999 attento
643 1927 771 1998 ammo
788 1925 1089 2018 perscrutabitur
1109 1926 1278 1998 carmina
1297 1923 1496 2011 Hesiodea,
1525 1923 1697 1996 inveniet
1721 1924 1811 1995 ante
1832 1923 1946 1996 iunc-

284 2065 344 2133 tas
372 2065 519 2132 mutam
548 2064 589 2132 et
615 2061 797 2154 liquidam
831 2060 944 2153 longe
972 2059 1122 2153 saepius
1151 2062 1301 2130 exstare
1329 2058 1599 2151 productiones
1627 2057 1665 2127 in
1693 2056 1792 2128 thesi
1822 2080 1948 2150 quam

283 2197 322 2268 in
353 2195 439 2267 arsi.
497 2194 632 2266 Hartel
674 2194 775 2267 idem
804 2194 851 2267 de
879 2193 1048 2266 Homero
1077 2193 1215 2265 statuit
1242 2191 1271 2280 Ι,
1302 2216 1387 2285 pag.
1419 2192 1508 2279 412,
1546 2190 1728 2284 exemplis
1757 2191 1859 2284 apud
1890 2191 1949 2263 La

285 2329 470 2402 Rochium
512 2328 679 2401 collectis
721 2329 841 2415 nisus;
876 2324 1032 2400 He'imer
1060 2326 1161 2399 idem
1195 2325 1415 2399 observavit
1443 2327 1482 2397 in
1511 2325 1675 2397 Pindaro
1705 2347 1814 2418 pagg.
1850 2325 1946 2414 108,

289 2463 373 2535 109.
430 2462 472 2535 Id
515 2462 590 2534 alia
631 2485 677 2535 ex
719 2465 829 2556 parte
870 2462 1083 2534 necessario
1128 2459 1209 2532 fieri
1253 2463 1415 2553 apparet
1456 2483 1500 2532 ex
1539 2482 1585 2532 ea
1612 2482 1665 2547 re,
1696 2458 1795 2551 quod
1825 2459 1946 2553 longe

284 2591 434 2668 θέσεων
476 2619 656 2669 numerus
697 2599 853 2689 superat
889 2589 1034 2691 ἄρσεων
1063 2616 1283 2667 numerum:
1314 2617 1428 2688 quum
1458 2594 1628 2666 carmina
1656 2592 1845 2665 Hesiodea
1876 2616 1945 2666 ex·

284 2731 442 2804 hibeant
475 2729 613 2819 lasau
643 2730 772 2803 theses
800 2729 883 2816 (Th.
916 2729 1044 2815 alsa,
1074 2726 1130 2801 Sc.
1162 2728 1290 2816 2,880,
1321 2727 1388 2820 Op.
1419 2727 1555 2816 aas&
1586 2726 1856 2799 Putationem
1879 2727 1945 2800 hic

284 2888 363 2937 non
390 2863 542 2953 habeo),
572 2865 610 2935 in
640 2864 773 2957 quibus
803 2863 988 2957 producta
1008 2862 1147 2936 vocalis
1167 2864 1256 2956 poni
1284 2864 1425 2955 potest,
1446 2861 1627 2934 exhibent
1646 2863 1798 2932 tantum
1820 2861 1940 2949 3,lOl

286 3021 388 3072 arses
416 2997 500 3085 (Th.
536 2997 647 3087 1300,
678 2997 733 3070 Sc.
767 2998 853 3087 613,
889 2996 956 3092 Op.
992 2998 1106 3087 1188)
1139 3039 1184 3047 -
1216 2999 1324 3070 sexta
1352 2996 1453 3067 enim
1483 2994 1576 3067 arsis
1605 2994 1723 3067 talem
1751 2994 1944 3089 syllabam

285 3156 363 3205 non
405 3133 542 3227 accipit
587 3178 646 3204 —.
703 3133 788 3204 Alia
829 3136 958 3204 autem
1000 3155 1044 3205 ex
1079 3135 1188 3225 parte
1217 3130 1299 3203 fieri
1331 3129 1483 3202 videtur
1512 3151 1532 3202 e
1562 3129 1723 3223 quadam
1751 3127 1870 3201 thesis
1902 3131 1944 3203 vi

286 3265 551 3360 producendae
579 3266 765 3360 syllabae;
803 3266 904 3359 quod
932 3266 1020 3337 inde
1049 3265 1184 3353 elucet,
1215 3263 1459 3356 quodetiam
1490 3285 1559 3356 pro
1589 3262 1757 3334 numeris
1787 3257 1941 3334 θέσεων

286 3403 326 3473 et
368 3393 513 3495 ἄρσεων
555 3401 705 3493 saepius
747 3400 786 3470 in
824 3399 923 3472 thesi
952 3421 1064 3491 quam
1093 3399 1132 3469 in
1161 3398 1234 3469 arsi
1264 3397 1450 3469 collocata
1479 3399 1537 3468 est
1565 3395 1750 3489 producta
1777 3395 1939 3490 syllaba.

286 3534 394 3605 Prius
431 3533 531 3606 enim
561 3534 761 3627 positionis
789 3555 907 3627 genus
936 3531 1091 3605 exhibet
1120 3530 1190 3602 591
1226 3532 1263 3601 in
1293 3530 1391 3603 thesi
1421 3531 1546 3623 posita
1575 3530 1749 3623 exempla
1776 3530 1940 3623 produc-

287 3670 350 3740 tae
379 3666 558 3761 syllabae,
590 3667 652 3757 81,
683 3689 778 3760 quae
800 3667 902 3738 arsin
922 3669 1119 3759 occupant,
1141 3664 1202 3737 vel
1224 3664 1455 3737 --seductis
1474 3663 1791 3758 Fragmentorum
1810 3686 1940 3737 exem-

287 3801 358 3894 plis
403 3801 464 3888 74,
507 3824 668 3894 quorum
699 3800 720 3870 9
750 3802 788 3871 in
818 3800 892 3872 arsi
926 3844 969 3853 -
1003 3799 1077 3871 526
1108 3799 1146 3870 111
1174 3798 1285 3887 thesi,
1318 3799 1364 3870 72
1395 3798 1434 3869 in
1463 3798 1549 3869 arsi.
1607 3795 1790 3870 Octavum
1820 3799 1941 3891 igitur

287 3934 367 4008 sere
396 3935 570 4028 quodque
599 3924 815 4028 exemplu'm
843 3934 882 4005 in
911 3932 986 4005 arsi
1014 3933 1181 4027 ponitur,
1212 3956 1326 4025 quum
1357 3954 1402 4005 ea
1429 3933 1531 4003 iuter
1560 3924 1704 4026 ἄρσεων
1725 3935 1765 4004 et
1784 3926 1937 4003 θέσεων
1997 3974 2005 3991 ·

158 4060 163 4070 ’
287 4091 464 4141 numeros
492 4068 706 4142 intercedat
734 4067 846 4155 rati0,
875 4071 918 4139 ut
946 4068 1008 4139 vix
1037 4070 1145 4140 sexta
1173 4088 1344 4160 quaeque
1372 4064 1519 4160 syllaba
1546 4065 1660 4159 longa
1687 4064 1748 4152 (ex
1774 4065 1940 4139 undenis

287 4203 413 4290 binae)
441 4203 481 4273 in
511 4203 712 4275 eiusmodi
742 4203 816 4273 arsi
845 4201 969 4294 posita
987 4202 1049 4288 sit,
1071 4223 1166 4295 quae
1187 4200 1357 4293 accipere
1376 4200 1497 4293 possit
1516 4199 1686 4272 vocalem
1706 4199 1935 4292 productam

288 4340 378 4409 ante
392 4339 551 4423 mutam,
573 4359 686 4430 quam
707 4336 847 4428 excipit
866 4335 1019 4428 liquida.
1062 4334 1169 4407 Inter
1187 4333 1335 4427 singula
1354 4333 1524 4406 carmina
1543 4355 1587 4406 ea
1601 4332 1806 4406 intercedit
1822 4334 1938 4422 ratio,

288 4473 331 4542 ut
372 4493 441 4563 pro
485 4470 745 4563 exemplorum
778 4468 1023 4541 multitudine
1052 4468 1165 4560 duplo
1195 4467 1274 4540 fere
1302 4467 1451 4560 saepius
1480 4462 1547 4559 Op.
1577 4467 1617 4537 in
1645 4466 1720 4538 arsi
1748 4465 1940 4559 collocent
2020 4473 2026 4482 '

288 4604 580 4698 productionem
623 4626 735 4696 quam
778 4602 859 4692 Τ11.,
902 4602 958 4693 Sc.
1006 4601 1173 4674 medium
1220 4601 1409 4694 quoddam
1455 4603 1599 4673 teneat.
1656 4599 1723 4672 Th.
1771 4600 1874 4672 enim
1917 4624 1939 4675 e

386 4804 411 4841 '¹
434 4810 458 4867 E
483 4810 687 4885 duodeviginti
711 4809 849 4885 exemplis
874 4811 1027 4884 correptae
1051 4807 1161 4866 vocalis
1186 4822 1195 4861 ι
1219 4807 1318 4866 decem
1343 4806 1426 4866 nobis
1450 4811 1613 4865 occurrunt
1634 4806 1663 4864 in
1689 4806 1822 4883 longiore
1847 4806 1938 4867 dandi

288 4936 373 4977 casus
407 4917 507 4986 exitu;
543 4937 558 4974 e
592 4915 717 4993 triginta
752 4919 895 4992 quattuor
928 4918 1028 4974 aut-em
1052 4914 1190 4991 exemplis
1213 4915 1376 4991 productae
1399 4914 1530 4990 syllabae
1553 4915 1632 4974 huuc
1655 4914 1765 4972 exitum
1790 4917 1940 4990 quattuor

288 5028 406 5084 tantum
429 5025 582 5102 praebent.
