4464 6082
289 263 335 335 14
834 292 895 348 Joh.
916 292 1050 348 Paulson:
1068 291 1169 348 Studia
1187 292 1332 348 Hesiodea.
1368 293 1390 346 Ι.

285 481 581 551 consentaneum
612 482 671 551 est
698 479 853 552 omnino
882 501 1022 574 negare
1051 501 1243 553 caesuram
1273 479 1375 552 inter
1403 480 1619 573 procliticas
1644 483 1778 568 91999,
1799 479 1942 574 quibus

283 606 533 707 apoaliroocrr
554 608 577 682 ¹.

391 746 608 840 Sequuntur
643 747 807 822 tabellae
835 748 1073 835 incisionum,
1103 770 1195 840 quas
1212 747 1410 842 praebent
1442 748 1557 842 pedes
1586 748 1775 843 dactylici,
1803 771 1939 822 secun-

285 881 372 952 dum
403 881 669 975 frequentiam,
699 882 824 975 quoad
852 881 933 955 fieri
962 885 1104 977 potest,
1133 882 1414 975 dispositarum.

543 1105 703 1178 Exstant
730 1107 768 1178 111

284 1328 483 1401 incisiones
493 1332 581 1422 post
591 1331 749 1402 tertium
769 1329 992 1403 trochaeum

521 1494 535 1523 „
587 1442 765 1530 quartum
794 1437 987 1532 dactylum
1137 1440 1150 1455 '

520 1600 535 1630 ,
588 1545 762 1637 quintum
792 1545 1014 1618 trochaeum

520 1708 535 1737 ,
587 1655 761 1745 quartam
790 1652 915 1724 thesin
1002 1656 1007 1668 ‘

521 1815 535 1844 ,‚
585 1759 743 1831 tertiam
847 1816 862 1845 ‚‚

520 1922 535 1952 „
585 1867 789 1939 secundam
845 1923 860 1952 „

520 2029 535 2059 ‚‚
573 1974 760 2067 *quintum
791 1973 984 2065 dactylum

481 2148 485 2160 ,
520 2137 535 2167 ,
586 2081 750 2175 primum
872 2137 886 2167 ,

521 2245 535 2274 ,
586 2188 751 2282 primum
780 2186 1002 2259 trochaeum
1135 2230 1181 2258 ,1,

447 2296 452 2304 ’
520 2352 535 2381 ,,
587 2295 757 2389 quintam
786 2293 914 2366 thesin

369 2459 385 2489 „
520 2458 535 2488 ‚‚
586 2402 744 2474 tertium
773 2402 966 2496 dactylum

520 2566 535 2596 „
587 2510 749 2603 primam
779 2508 904 2581 thesin

521 2673 535 2702 ,‚
585 2617 790 2689 secundum
806 2616 1027 2689 trochaeum

520 2781 535 2811 ,‚
587 2723 792 2796 secundum
821 2722 1014 2818 dactylum
1161 2723 1208 2793 89

520 2888 535 2918 ,
587 2833 765 2923 quartum
792 2831 1014 2904 trochaeum
1164 2830 1209 2902 18

1107 2955 1209 3028 3998
1261 2948 1271 3060 l
1333 2955 1429 3027 1912
1489 2945 1493 3054 Ι
1551 2956 1653 3027 3273
1711 2948 1715 3055 l
1774 2955 1874 3028 9093

391 3115 444 3187 Ex
486 3116 543 3206 iia,
574 3139 669 3210 quae
697 3140 782 3212 pag.
814 3119 835 3189 5
866 3117 912 3190 de
940 3117 1197 3211 spondeorum
1226 3117 1336 3210 copia
1364 3116 1644 3205 annotavimua
1674 3113 1835 3211 apparet
1863 3115 1933 3191 Th.

284 3249 463 3323 exhibere
494 3250 596 3323 3819
625 3251 810 3345 dactylon,
846 3250 902 3325 Sc.
938 3251 1050 3338 1787,
1080 3249 1146 3344 Op.
1178 3249 1293 3321 2952.
1349 3248 1579 3322 Incisionum
1609 3250 1726 3345 igitur
1753 3272 1935 3324 numerus

284 3384 406 3456 maior
426 3387 484 3457 est
503 3406 616 3478 quam
636 3384 887 3478 dactylorum.
944 3381 1037 3457 Octo
1058 3387 1098 3456 et
1117 3383 1328 3477 nonaginta
1346 3382 1473 3477 plures
1491 3383 1693 3457 incisiones
1713 3407 1824 3478 quam
1846 3384 1945 3457 dac.

283 3518 386 3612 tylos
414 3518 568 3590 exhibet
595 3517 676 3607 Th„
706 3494 858 3591 centum
887 3518 1023 3612 viginti
1052 3518 1216 3611 quinque
1245 3517 1315 3605 Sc,
1345 3516 1411 3611 Op.
1433 3520 1625 3591 trecentas
1645 3499 1781 3614 viginti
1800 3542 1931 3591 unum.

283 3649 392 3723 Unde
420 3654 581 3745 apparet
608 3652 795 3746 imprimis
824 3651 891 3746 Op.
921 3651 1164 3724 incisionibus
1194 3651 1376 3725 distinere
1404 3651 1520 3746 pedes
1548 3651 1766 3746 dactylicos.

390 3784 472 3858 Hae
513 3785 678 3858 tabellae
719 3785 900 3858 exhibent
941 3785 1079 3878 pedum
1121 3784 1413 3878 spondaicorum
1455 3785 1656 3858 incisiones
1693 3787 1740 3858 ad
1770 3787 1934 3859 eundem

528 4451 776 4539 „quartam
803 4446 930 4518 thesin

529 4554 757 4640 „tertiam
858 4610 872 4639 „

398 4940 475 5005 ¹De
506 4945 649 5004 enclitiois
683 4944 750 5004 11119
784 4944 956 5005 Hoffmanni
985 4944 1199 5016 Quaestionum
1222 4945 1449 5007 Homericarum
1472 4947 1497 5019 Ι,
1521 4946 1538 5018 ἕ
1562 4948 1591 5018 2,
1617 4946 1652 5006 do
1675 4947 1836 5024 proclitiois
1859 4947 1876 5018 ὅ
1901 4951 1931 5008 5.

284 5051 342 5125 Qui
365 5053 452 5113 docet
473 5071 627 5114 caesuram
649 5052 803 5113 observari
825 5056 894 5131 pout
917 5040 943 5108 εἰ
967 5053 1002 5112 11.
1027 5052 1092 5126 XX,
1120 5053 1191 5125 102,
1215 5057 1246 5113 91
1268 5057 1337 5131 post
1359 5042 1394 5110 oi)
1417 5054 1452 5114 11.
1476 5054 1573 5126 XXII,
1599 5054 1675 5115 387.
