4464 6082
1689 188 1707 245 Ι

320 264 407 342 128Δ
864 293 926 352 Joh.
945 294 1080 352 Paulson:
1098 292 1198 352 Studia
1217 294 1360 353 Hesiodea.
1397 292 1418 351 1.

420 480 647 580 θυγάτηρ.
702 483 858 557 Formas
901 486 1083 579 quattuor
1124 484 1368 578 syllabarum,
1403 483 1571 556 Homero
1604 487 1826 577 praeeunte,
1859 485 1902 555 ut
1931 483 1970 555 in

317 623 482 692 metrum
510 619 660 706 cadant,
697 619 859 713 primam
887 619 1070 713 syllabam
1101 619 1308 712 producere
1337 621 1508 712 apparet.
1565 617 1747 712 Exempla
1775 617 1970 691 Hesiodea

314 758 418 826 sunt:
460 748 657 849 θυγατέρα
698 753 765 824 Th.
810 753 899 841 819,
942 775 1135 826 caesuram
1176 754 1297 825 bucol.
1334 754 1535 845 excipiam,
1565 747 1775 848 θυγατέρες
1803 751 1872 825 Th.
1906 754 1968 839 76,

313 883 535 984 θυγατέρων
578 887 646 960 Th.
686 888 774 976 346,
805 910 900 981 quae
929 889 1094 982 primum
1123 888 1258 982 pedem
1289 888 1492 981 excipiunt.
1549 885 1711 959 Brevem
1740 890 1872 960 antem
1903 909 1968 959 vo·

315 1022 435 1094 colem
463 1021 618 1094 exhibet
646 1026 685 1094 et
713 1023 856 1094 nomin.
887 1043 992 1094 casus
1021 1018 1205 1117 θυγάτηρ,
1236 1022 1424 1116 excipiens
1448 1025 1515 1093 aut
1534 1021 1753 1094 secundam:
1785 1021 1853 1093 Th.
1877 1022 1968 1109 776,

315 1156 370 1228 Sc.
402 1157 437 1245 3,
471 1155 557 1244 197,
587 1156 837 1228 auttertinm
866 1156 1010 1229 thesin:
1041 1156 1108 1229 Th.
1140 1156 1228 1243 383,
1261 1155 1348 1243 780,
1380 1155 1468 1244 976,
1503 1155 1615 1243 1011,
1645 1158 1686 1228 υτ
1714 1155 1830 1227 dandi
1860 1177 1968 1227 casus

314 1286 474 1385 θυγατρί
516 1294 603 1383 post
645 1291 809 1383 primum
853 1290 1074 1363 trochaeum
1116 1290 1184 1362 Th.
1229 1290 1317 1378 474,
1352 1294 1392 1362 ot
1419 1290 1617 1361 accusandi
1646 1310 1752 1361 casus
1780 1284 1968 1384 θύγατρα,

316 1424 379 1517 qui
408 1424 533 1496 estin
562 1446 693 1496 versus
723 1424 796 1497 line
824 1424 892 1496 Th.
924 1425 1012 1512 265,
1042 1424 1101 1497 Fr.
1137 1424 1261 1512 148,4.

421 1577 442 1628 υ
484 1559 524 1629 in
566 1558 683 1631 verbo
714 1551 823 1654 ,ἐρθτυ
865 1560 965 1652 apud
1001 1557 1210 1631 Homerum
1238 1560 1277 1629 in
1307 1559 1422 1630 activi
1450 1558 1600 1651 generis
1628 1558 1761 1631 formis
1788 1562 1970 1653 correpta

316 1693 533 1786 quantitate
562 1693 696 1781 utitur,
727 1693 764 1763 iu
793 1693 943 1786 passivo
973 1695 1103 1765 autem
1132 1697 1172 1765 et
1200 1693 1325 1765 medio
1354 1693 1522 1786 ancipiti.
1580 1692 1713 1786 Neque
1733 1692 1848 1764 aliter
1866 1692 1969 1786 apud

315 1826 541 1915 Hesiodnm3
586 1828 649 1920 qui
691 1827 952 1921 productionis
995 1826 1169 1920 exempla
1211 1827 1364 1899 exhibet
1406 1820 1511 1922 ἔρυτο
1554 1826 1610 1900 Sc.
1641 1827 1731 1915 415,
1761 1820 1882 1922 εἴρυτο
1912 1824 1967 1899 Sc.

319 1960 412 2049 138;
443 1953 581 2056 ἔρῦτ(ο)
611 1964 738 2034 exstat
767 1960 834 2032 Th.
866 1960 942 2032 304
962 1956 988 2033 ¹.
1073 2032 1076 2037 .

421 2092 619 2190 τρυγάυ),
648 2092 897 2191 τρυγηρὴρ.
952 2094 1023 2165 Illa
1050 2117 1124 2167 vox
1153 2093 1208 2166 Sc.
1239 2094 1313 2165 292
1346 2094 1500 2167 exhibet
1528 2094 1643 2167 breve
1663 2115 1695 2179 o,
1715 2094 1808 2166 baec
1828 2118 1865 2167 ν.
1889 2093 1965 2166 293

315 2229 483 2322 longum.
540 2228 621 2301 Hoc
650 2229 804 2322 longum
834 2248 854 2297 υ
884 2232 943 2300 ost
970 2229 1073 2300 inter
1099 2228 1248 2313 indicia,
1269 2250 1365 2321 quae
1384 2228 1551 2322 spurium
1574 2228 1782 2300 ostendunt
1801 2251 1966 2301 versum.

993 2658 998 2666 ,
1038 2575 1115 2650 Car.
1147 2576 1245 2651 VIII.

598 2808 658 2889 De
686 2808 823 2910 longis
851 2809 1066 2890 vocalibus
1095 2809 1138 2888 υτ
1167 2808 1436 2912 diphthongis
1464 2808 1692 2912 correptis·

421 3034 732 3131 Singulasquae
760 3034 1042 3127 correptionem
1071 3034 1281 3127 patiuntur,
1311 3033 1461 3106 vocales
1489 3033 1621 3127 longos
1650 3036 1690 3106 υτ
1709 3033 1968 3129 diphthongos

315 3170 392 3240 iam
421 3168 711 3241 recensebimus.
768 3168 874 3252 Quod
903 3168 958 3239 ita
986 3167 1178 3255 iaciemus,
1207 3170 1251 3239 ut
1279 3190 1302 3238 a
1329 3167 1465 3239 ceteris
1493 3168 1734 3261 seiungamus
1754 3190 1869 3242 voces
1888 3193 1965 3242 mo·

315 3290 531 3397 nosyllabas
572 3305 613 3375 et
654 3301 858 3395 dactylicos
900 3297 1079 3394 (γίγνεται
1121 3302 1209 3390 etc.)
1238 3301 1299 3373 vel
1328 3301 1366 3372 iu
1395 3300 1588 3395 dactylum
1617 3305 1800 3375 exeuntes
1829 3301 1966 3399 (παρα-

314 3433 478 3536 γίγνεται
507 3437 607 3525 υτυ.).
663 3434 756 3508 Illao
785 3436 886 3508 enim
915 3435 1181 3528 seiungendae-
1196 3438 1296 3522 sunt,
1327 3435 1426 3528 quod
1454 3435 1592 3508 ceteris
1620 3435 1764 3508 facilius
1793 3438 1967 3530 quamvis

316 3592 446 3644 versus
487 3569 615 3642 sedem
657 3572 854 3664 occupant,
898 3572 949 3656 υτ,
993 3591 1108 3662 quum
1143 3590 1326 3662 perquam
1354 3540 1467 3662 saepe
1496 3571 1737 3663 usurpentur,
1766 3573 1967 3664 tamquam

315 3704 460 3776 nummi
488 3706 666 3781 teruntur
695 3707 735 3776 υτ
763 3703 906 3796 aliquid
933 3702 991 3774 sni
1019 3702 1198 3795 ponderis
1226 3702 1409 3795 perdunt3
1440 3724 1557 3796 quare
1585 3703 1706 3796 magis
1724 3703 1909 3776 videntur
1928 3705 1967 3775 iu

315 3837 480 3931 syllabas
508 3859 598 3911 vere
625 3837 760 3910 breves
788 3836 905 3908 abire.
962 3835 1107 3907 Harum
1135 3838 1263 3908 autern
1292 3836 1492 3930 peculiaris
1520 3836 1665 3908 mentio
1694 3839 1753 3908 est
1780 3835 1967 3926 facienda,

317 3970 428 4064 qnod,
459 3971 530 4042 nisi
559 3974 737 4064 correpta
764 3970 899 4055 vocali,
928 3970 967 4040 in
996 3973 1163 4041 metrum
1192 3992 1269 4040 non
1288 3969 1440 4042 cadunt.
1497 3969 1638 4055 Quibus
1656 3970 1968 4044 adnumerandao

315 4107 405 4177 sunt
445 4104 653 4199 bisyllabae
695 4103 862 4175 iambum
896 4102 1121 4190 ,efficientes
1159 4125 1254 4196 quoe
1283 4126 1305 4174 a
1333 4104 1430 4175 binis
1458 4104 1632 4176 consonis
1660 4104 1861 4198 incipiunt,
1892 4128 1998 4193 non,

316 4238 429 4311 modo
473 4260 552 4327 eae,
595 4261 754 4332 quarum
796 4237 962 4310 initiales
1003 4259 1203 4330 consonae¹
1219 4260 1295 4309 non
1324 4240 1413 4309 sunt
1440 4238 1591 4310 iunctae
1619 4240 1728 4309 muta
1755 4240 1797 4309 υτ
1825 4238 1971 4332 liquida

316 4370 447 4468 (σκιή),
477 4373 543 4445 sed
572 4373 689 4445 etiam
718 4394 813 4466 quae
842 4371 889 4444 ab
917 4371 986 4443 hac
1015 4394 1264 4443 consonarum
1295 4371 1560 4445 coniunctione
1597 4371 1783 4465 incipiunt
1812 4365 1970 4468 (Κρόνου

260 4524 263 4530 ’
317 4507 418 4595 etc),
448 4530 561 4600 quum
591 4506 736 4612 facilius
764 4506 938 4577 ultimam
967 4505 1177 4598 corripiant
1205 4508 1295 4577 ante
1324 4505 1493 4578 vocalem
1522 4505 1709 4578 inItialem
1728 4511 1970 4599 sequentem,

317 4662 430 4734 quam
476 4640 724 4734 praemissam
770 4640 941 4712 vocalem
987 4638 1143 4711 brevem
1189 4638 1339 4711 finalem
1388 4643 1479 4711 ante
1525 4639 1691 4712 initiales
1736 4643 1889 4712 mutam
1933 4644 1973 4714 et

316 4771 511 4867 liquidam.

337 5034 340 5042 ,
429 4948 587 5011 ¹Praeter
621 4954 673 5011 has
708 4953 817 5013 formas
852 4952 1003 5011 invenitur
1038 4921 1143 5027 ὲρθοαν
1166 4950 1221 5028 Op.
1248 4952 1321 5021 624,
1347 4941 1491 5028 ἐρτοαντο
1514 4952 1564 5010 Fr.
1591 4953 1664 5023 230,
1690 4942 1905 5032 ἐρυοτάμενυς
1928 4956 1975 5017 So.

278 5084 288 5109 r
318 5058 392 5133 457,
417 5047 570 5138 εὶρὺμεναι
594 5058 649 5136 Op.
674 5060 748 5120 818.
794 5060 920 5120 Formae
942 5060 973 5118 in
996 5060 1070 5119 duos
1094 5059 1206 5118 radices
1229 5059 1451 5119 distribuuntur
1467 5058 1611 5131 (Gordus,
1628 5059 1774 5131 Verb.‚·I,
1791 5080 1868 5141 pag.
1888 5062 1976 5137 181).
