4464 6082
283 254 332 327 44
830 284 891 338 ron.
912 284 1047 338 Paulson:
1067 283 1166 338 scurra
1188 283 1330 338 nesroaa
1368 283 1388 336 1.
1470 344 1477 355 ,

323 469 517 564 dactylum
561 471 599 540 in
629 471 747 542 tertia
774 470 862 542 sede
892 470 1113 543 exhibentes
1141 470 1180 541 in
1209 469 1276 541 Th.
1311 469 1370 557 13,
1399 469 1439 539 in
1467 467 1523 541 Sc.
1555 469 1590 557 4,
1621 470 1659 541 in
1688 467 1755 563 Op.
1818 463 1904 554 8¹;

321 603 590 697 spondeum,
673 660 688 690 ,
806 661 822 689 ,
992 661 1008 689 ,
1152 659 1247 690 ,,
1336 595 1894 691 e„,3„,1e2.
1995 641 2012 668 ι

388 737 460 809 Sed
489 760 534 809 ex
562 736 621 808 his
650 732 819 810 versibus
847 736 912 808 alii
940 759 985 810 ex
1014 737 1098 808 aliis
1126 736 1238 809 rebus
1267 737 1549 809 excusationem
1578 736 1649 809 sibi
1677 738 1831 830 petunt.

388 871 552 943 Oeneent
580 892 708 942 rerum
737 872 981 943 rnetricarum
1011 856 1216 965 scriptores
1244 870 1401 941 nomina
1425 870 1581 963 propria
1599 870 1744 964 legibus
1763 869 1954 942 metricis

281 1028 359 1077 non
401 1004 566 1077 obnoxia
607 1027 699 1076 esse.
756 1005 825 1089 Oui
867 1005 969 1077 enim
1003 1026 1145 1090 verene,
1179 1026 1374 1076 caesuram
1402 1004 1510 1076 tertii
1538 1004 1645 1097 pedis
1672 1002 1951 1097 neglegentes,

282 1138 321 1209 in
349 1139 419 1211 hac
448 1139 536 1211 sede
566 1138 754 1210 collocant
782 1161 921 1210 nomen
951 1139 1161 1233 proprium,
1192 1159 1237 1210 ex
1268 1159 1313 1209 ea
1340 1159 1381 1209 re
1410 1138 1502 1209 satis
1526 1137 1779 1210 excusationis
1799 1140 1952 1230 petere

282 1273 436 1345 ducunt.
493 1271 547 1345 Re
575 1294 667 1344 vera
695 1295 772 1343 non
801 1272 910 1366 pauci
939 1294 1068 1345 versus
1097 1271 1166 1343 tali
1186 1253 1428 1344 excusatione
1448 1273 1621 1342 utuntur.
1677 1271 1757 1356 Ouo
1777 1271 1951 1343 nornine

281 1407 321 1478 hi
351 1428 492 1493 versus,
522 1406 677 1501 dactylo
706 1406 746 1477 in
774 1405 892 1478 tertia
919 1406 1007 1478 sede
1037 1405 1106 1491 usi,
1126 1404 1337 1476 annotandi
1361 1407 1465 1475 sunt:
1496 1403 1563 1476 Th.
1603 1405 1617 1475 1
1652 1396 1948 1489 Ἑλικωνιάδων,

257 1541 359 1611 257
403 1532 589 1635 Εὐαγόρη,
633 1540 708 1611 258
752 1532 931 1634 Αὐτονόη,
970 1539 1044 1611 614
1074 1530 1347 1632 Ἰαπετιονίδης,
1379 1537 1452 1609 969
1485 1530 1738 1633 Εὐφροσύνην;
1767 1536 1824 1609 Sc.
1858 1537 1947 1609 314

283 1665 475 1758 Ὠκεανός
520 1674 594 1745 433
624 1665 982 1775 Ἀμφιτρυωνιάδης
1025 1673 1092 1766 Op.
1131 1672 1206 1743 383
1241 1663 1510 1763 Ἀτλαγενέων.
1566 1670 1759 1744 Accedunt
1786 1670 1840 1758 hi,
1873 1672 1948 1764 qui

283 1807 320 1878 in
358 1831 403 1880 ea
435 1807 523 1881 sede
551 1808 760 1901 spondeum
790 1807 989 1894 collocant,
1019 1806 1087 1879 lh.
1119 1805 1193 1876 249
1222 1796 1392 1900 Ἀκταίη,
1423 1805 1495 1878 342
1527 1797 1707 1900 Αἴσηπον,
1738 1804 1812 1877 345
1839 1796 1947 1901 Ἃρ-

283 1933 431 2036 δησκον,
462 1942 537 2014 353
567 1931 805 2036 Γαλαξαύρη,
837 1940 909 2012 947
941 1934 1135 2019 Διώνυσος.

390 2073 427 2147 Si
456 2075 592 2148 tertius
621 2097 687 2169 pes
714 2097 869 2147 caesura
892 2076 1009 2162 caret,
1029 2095 1180 2168 semper
1198 2073 1512 2167 semiseptenaria
1530 2075 1735 2166 usurpatur
1752 2067 1780 2144 ³.
1829 2071 1946 2146 Solet

284 2209 399 2282 etiam
429 2212 496 2281 aut
523 2209 791 2281 semiternaria
818 2211 884 2280 aut
911 2204 1010 2303 κατὰ
1037 2200 1206 2303 δεύτερον
1234 2210 1411 2302 τροχαῖον,
1441 2228 1537 2299 quae
1565 2209 1735 2294 vocatur,
1765 2227 1943 2296 caesura,

283 2345 350 2414 aut
379 2365 474 2436 quae
503 2343 628 2435 posita
656 2346 714 2414 est
743 2344 830 2435 post
857 2341 1062 2414 secundum
1082 2341 1218 2434 pedem
1238 2340 1476 2413 antecedere.
1533 2338 1805 2413 Semiternaria
1824 2340 1943 2416 nobis

284 2477 449 2548 occurrit
490 2475 555 2546 illa
597 2475 749 2568 quidem
790 2476 829 2546 in
860 2477 907 2546 22
939 2470 1158 2563 versibue4;
1197 2475 1236 2546 in
1273 2474 1318 2545 13
1349 2477 1476 2547 autem
1507 2476 1634 2546 exstat
1661 2475 1826 2546 secunda
1855 2479 1942 2548 tro·

284 2608 412 2681 chaica
440 2631 595 2681 caesura
612 2603 645 2697 5;
675 2613 763 2702 post
790 2610 995 2682 secundum
1025 2610 1161 2702 pedem
1190 2607 1375 2681 collocata
1404 2611 1463 2680 est
1491 2630 1647 2680 caesura
1674 2609 1816 2701 septies
1833 2604 1863 2680 ⁶.

390 2743 527 2814 Athis
555 2744 593 2814 in
622 2742 793 2815 versibus
820 2743 1005 2815 secundus
1033 2764 1099 2836 pes
1128 2764 1283 2814 caesura
1310 2743 1434 2814 caret:

603 2875 671 2947 ln.
702 2876 797 2948 466:
828 2883 879 2969 τῷ
909 2868 938 2945 δ
968 2867 1025 2971 ἄρ’
1055 2872 1073 2944 5
1101 2866 1135 2967 γ’
1165 2867 1231 2944 οὐκ
1260 2868 1511 2969 ἀλαοσκοπιὴν
1543 2916 1588 2925 —

704 3009 797 3081 561;
829 3005 930 3080 hooc
959 3003 1001 3079 δὲ
1028 3006 1389 3104 πατροκασιγνήτους
1422 3053 1466 3062 -

703 3143 797 3214 614:
828 3135 914 3213 οὐδὲ
940 3139 1011 3238 γὰρ
1040 3135 1304 3236 Ἰαπετιονίδης
1337 3187 1380 3196 -

614 3277 670 3348 Sc.
701 3277 795 3348 433:
826 3281 918 3357 τοῖος
947 3269 1004 3372 ἄρ’
1033 3268 1376 3371 Ἀμφιτρυωνιάδης
1409 3322 1451 3330 -

604 3408 671 3502 Op.
701 3409 795 3481 441:
827 3414 898 3491 τοῖς
926 3402 956 3480 δ’
985 3406 1066 3506 ἅμα
1093 3404 1459 3504 τεσσαρακονταὲτης
1492 3454 1535 3462 -

398 3636 407 3672 ¹
433 3642 487 3701 Th.
515 3641 542 3713 l,
571 3642 620 3713 11,
649 3641 699 3712 17,
728 3643 798 3712 136,
825 3641 898 3712 257,
925 3643 998 3712 258,
1023 3641 1097 3710 443,
1123 3641 1197 3709 448,
1224 3641 1297 3711 466,
1316 3641 1390 3711 614,
1410 3640 1482 3711 751,
1501 3641 1575 3711 851,
1594 3641 1674 3712 969;
1699 3641 1747 3700 Sc.
1765 3642 1841 3714 814,
1860 3645 1944 3720 323,

285 3747 359 3816 376,
386 3750 466 3817 433;
492 3748 546 3824 Op.
575 3749 646 3818 183,
673 3751 747 3819 266,
774 3749 847 3818 226,
873 3749 946 3818 383,
973 3748 1047 3820 441,
1073 3747 1146 3817 569,
1173 3746 1245 3817 573,
1274 3747 1345 3804 774.

395 3848 408 3886 ²
432 3855 486 3912 Th.
513 3856 586 3925 249,
612 3857 685 3925 256,
712 3856 785 3925 342,
811 3857 884 3926 345,
911 3856 984 3926 353,
1011 3856 1084 3929 561,
1110 3856 1182 3925 544,
1208 3856 1282 3924 882,
1309 3854 1389 3923 947;
1414 3855 1460 3913 Sc.
1489 3854 1560 3926 176,
1587 3855 1660 3926 251,
1679 3855 1758 3925 377;
1783 3855 1841 3932 Op.
1861 3859 1943 3933 244,

286 3962 360 4032 267,
386 3962 459 4031 319,
485 3962 559 4031 409,
585 3962 659 4032 454,
685 3965 758 4033 455,
785 3962 858 4032 486,
885 3963 958 4032 563,
983 3964 1057 4056 662,
1084 3963 1157 4021 698.

394 4063 408 4100 ⁸
431 4069 455 4126 E
480 4069 519 4126 47
547 4069 688 4139 versibus,
714 4069 766 4145 qui
789 4070 870 4129 tertii
894 4070 976 4145 pedis
999 4089 1151 4129 caesuram
1175 4070 1346 4130 omittentes
1362 4068 1632 4145 semiseptenariam
1648 4070 1796 4141 exhibent,
1814 4072 1946 4147 praeter

285 4177 339 4235 Th.
366 4177 428 4234 353
455 4177 553 4234 nullus
578 4196 642 4234 eam
667 4176 821 4235 deminuit.
868 4176 953 4236 Unde
977 4178 1151 4237 concludere
1176 4178 1253 4245 licet,
1271 4175 1377 4252 quenti
1392 4176 1509 4235 intersit
1525 4178 1600 4235 hanc
1617 4197 1767 4237 caesuram
1786 4177 1945 4256 integram

284 4300 412 4353 servare,
448 4303 541 4359 quum
575 4303 610 4341 ex
644 4283 689 4353 iis,
725 4302 802 4358 quae
826 4285 861 4341 de
896 4284 1135 4360 semiseptenaria
1158 4284 1321 4342 traduntur
1344 4303 1433 4359 pagg.
1460 4285 1500 4342 29
1525 4287 1555 4343 et
1579 4284 1631 4354 37,
1655 4288 1789 4361 emerget
1811 4288 1944 4349 omnino

284 4395 401 4450 sextum
424 4391 564 4466 quodque
587 4390 650 4449 eius
674 4392 840 4466 exemplum
864 4391 1041 4449 obscurari.-

394 4491 408 4528 ⁴
432 4498 487 4555 Th.
516 4497 542 4566 1,
572 4497 620 4567 11,
650 4496 697 4567 17,
726 4496 798 4568 136,
823 4498 896 4568 448,
924 4499 986 4557 544
1011 4487 1087 4569 (ὡς),
1114 4496 1196 4567 851;
1221 4497 1268 4557 Sc.
1294 4498 1369 4568 251,
1394 4497 1468 4568 314,
1495 4499 1568 4568 323,
1587 4499 1667 4569 376;
1692 4499 1747 4575 Op.
1767 4499 1841 4570 206,
1862 4503 1944 4576 226,

288 4604 361 4674 267,
388 4604 462 4673 319,
489 4603 563 4672 383,
589 4604 663 4675 469,
689 4606 763 4674 454,
789 4606 862 4669 455,
889 4605 962 4676 563,
989 4605 1063 4674 569,
1090 4605 1164 4662 698.
1211 4604 1265 4662 Th.
1292 4605 1367 4675 851,
1393 4604 1449 4680 Op.
1475 4606 1538 4663 454
1563 4607 1726 4665 obscurent
1750 4625 1920 4669 caesuram.

395 4705 408 4742 ⁵
432 4711 486 4770 Th.
514 4711 586 4781 249,
613 4712 686 4783 256,
713 4711 785 4781 257,
812 4713 884 4781 258,
911 4712 985 4788 342,
1010 4712 1083 4781 345,
1110 4712 1184 4780 353,
1210 4711 1284 4783 969,
1310 4711 1391 4781 947,
1416 4710 1463 4771 Sc.
1491 4712 1562 4783 176,
1585 4712 1669 4783 377;
1694 4712 1748 4789 Op.
1768 4713 1842 4785 573,
1864 4715 1945 4779 774.

395 4813 487 4875 ιω.
513 4819 588 4891 443,
615 4819 674 4877 τοι
701 4818 854 4891 (ascum,
880 4819 961 4889 sea
986 4818 1041 4894 op.
1070 4817 1141 4887 res,
1168 4819 1241 4888 244,
1266 4821 1341 4889 rec,
1367 4819 1441 4877 602.
1488 4820 1532 4877 nx
1556 4820 1590 4879 ns
1615 4800 1757 4890 lassans,
1783 4821 1835 4896 qui
1851 4825 1945 4884 semi-

286 4926 447 4985 terneriam
482 4926 689 5001 praemittunt,
721 4931 833 5002 septem
858 4927 947 4985 etiam
971 4926 1000 4983 in
1025 4926 1136 5001 dactyli
1159 4926 1216 4983 line
1239 4927 1379 4985 exhibent
1402 4926 1573 4986 incisionem
1596 4927 1761 5004 integram:
1786 4926 1834 4988 Sc.
1860 4930 1944 5006 314,

288 5033 361 5103 376,
386 5031 440 5108 Op.
467 5032 540 5096 226.
567 5033 640 5104 267,
666 5035 740 5104 455,
767 5036 839 5104 563,
867 5034 940 5091 569.
