4464 6082
333 271 405 344 148
870 299 932 354 sau.
952 299 1207 355 1111111111
1227 298 1371 354 narona.
1393 299 1430 354 ’1.

435 484 606 558 Vidimus
633 508 747 582 supra
773 485 931 559 tertiam
959 485 1040 559 sere
1068 488 1218 580 partem
1246 487 1544 580 correptionum,
1574 486 1739 579 quaein
1766 486 1845 558 arsi
1875 484 1984 559 nobis

330 624 545 708 occurrunt,
589 641 610 692 e
651 620 812 694 metrica
853 620 1080 692 necessitate
1122 619 1404 692 excusationem
1445 623 1579 714 petere
1607 619 1709 714 (pag.
1745 620 1901 708 135,1.
1935 621 1982 709 l).

329 754 518 840 Quaerere
546 754 647 842 licet,
677 777 768 825 num
797 753 886 847 quid
914 754 962 826 ad
991 753 1261 847 productiones
1289 752 1513 842 efficiendas,
1542 775 1639 847 quae
1667 753 1707 824 in
1734 753 1908 826 thesibus
1928 754 1981 825 in-

329 888 548 976 veniuntur,
578 887 744 961 valuerit
771 888 932 961 metrica
958 890 1175 961 necessitas.
1230 886 1292 960 Ita
1319 909 1507 961 sane-non
1527 887 1659 974 valuit,
1684 890 1823 960 utnon
1844 887 1982 960 evitari

329 1022 528 1117 potuerint
554 1021 627 1095 hae
655 1022 936 1116 productiones.
993 1020 1066 1094 Sed
1092 1022 1344 1095 excusationis
1364 1022 1505 1116 aliquid
1526 1045 1602 1095 non
1621 1022 1761 1094 iniuria
1778 1022 1981 1095 tribuimus

330 1157 376 1230 iis
418 1157 584 1245 vocibus,
628 1178 724 1250 quae
765 1156 977 1229 necessario
1006 1156 1046 1227 in
1074 1155 1243 1229 thesibus
1271 1157 1443 1230 vocalem
1471 1156 1625 1230 finalem
1652 1159 1814 1251 ponunt.
1872 1155 1981 1229 Cuius

330 1291 480 1385 generis
508 1290 588 1364 fere
617 1290 775 1363 dimidia
802 1312 889 1384 pars
919 1290 1213 1384 prqductionum
1240 1279 1330 1363 sunt
1357 1289 1452 1379 (55).

437 1424 509 1496 Vix
537 1425 649 1497 credo
679 1425 874 1512 interesse,
904 1424 1008 1497 cuius
1036 1425 1186 1518 generis
1214 1425 1292 1497 sint
1310 1426 1434 1498 exitus
1453 1425 1641 1519 producti.
1699 1425 1862 1498 Eosdem
1883 1426 1982 1498 enim

332 1559 455 1632 exitus
488 1560 649 1633 invenio
693 1562 775 1631 tum
817 1559 856 1630 in
899 1559 974 1630 arsi
1006 1558 1145 1653 corripi
1175 1563 1258 1631 tum
1286 1561 1326 1630 in
1354 1559 1454 1633 thesi
1482 1559 1639 1653 produci
1659 1554 1684 1632 ¹.
1740 1559 1824 1632 Duo
1852 1563 1984 1633 tamen

331 1697 433 1782 sunt,
476 1715 572 1787 quae
605 1693 785 1787 peculiari
815 1693 1010 1766 mentione
1040 1692 1155 1786 digua
1182 1692 1355 1766 iudicem.
1412 1693 1538 1765 Unum
1568 1696 1637 1783 est,
1668 1694 1768 1787 quod
1797 1694 1985 1788 particula

299 1824 404 1912 ‘aaut
447 1849 543 1921 quae
585 1827 669 1920 plus
710 1827 866 1899 tertiam
909 1829 1060 1920 partem
1088 1827 1373 1920 correptionum
1401 1827 1573 1921 praebet,
1602 1850 1788 1921 nusquam
1818 1829 1857 1899 in
1876 1824 1984 1901 'thesi

227 2018 230 2025 .
332 1965 423 2035 ante
466 1961 636 2034 vocalem
677 1961 911 2054 producitur.
969 1959 1078 2033 Ouios
1120 1962 1176 2033 rei
1212 1982 1362 2034 causam
1391 1961 1479 2034 inde
1508 1965 1613 2056 pete,
1642 1962 1756 2055 quod,
1785 1983 1904 2056 quum
1931 1963 1984 2034 vi·

334 2096 469 2169 deatur
497 2117 653 2168 caesura
680 2094 921 2188 productioni
950 2093 1092 2183 favere,
1122 2091 1184 2165 καί
1212 2098 1340 2168 11111
1369 2095 1558 2189 particula
1585 2094 1807 2169 incisionem
1828 2118 1984 2191 sequen-

333 2232 413 2303 tem
442 2231 602 2316 minuat‚
632 2251 710 2301 non
738 2229 831 2301 satis
859 2251 998 2323 magna
1026 2229 1134 2301 adest
1162 2230 1231 2317 vis,
1261 2251 1357 2322 quae
1385 2230 1611 2331 productam
1631 2231 1891 2323 quantitatem
1911 2253 1984 2304 ser·

336 2367 412 2453 vet,
447 2387 563 2457 quum
598 2362 824 2456 praesertim
852 2355 1177 2457 haec'quantitas,
1206 2385 1275 2435 usu
1303 2364 1409 2452 trita,
1439 2362 1644 2435 admodum
1672 2368 1784 2458 egeat
1812 2365 1984 2458 pondere

335 2495 481 2585 (confer
522 2520 607 2591 pag.
655 2496 745 2586 128)
763 2491 789 2568 ².
845 2495 1020 2573 Alterum
1062 2500 1132 2585 est,
1163 2496 1264 2590 quod
1290 2492 1317 2591 ἤ
1347 2497 1470 2570 decies
1498 2497 1538 2569 in
1566 2496 1664 2570 thesi
1694 2501 1784 2572 ante
1815 2498 1985 2571 vocalem

335 2632 567 2727 producitur,
596 2631 714 2704 semel
741 2633 892 2703 tantum
922 2631 961 2702 in
990 2631 1065 2702 arsi
1093 2628 1177 2724 (Op.
1211 2631 1283 2703 175
1314 2631 1353 2703 111
1382 2635 1533 2739 quarto¹
1548 2630 1747 2720 trochaeo)
1765 2633 1986 2727 corripitur.

197 2851 215 2879 .
336 2766 443 2851 Quod
470 2766 527 2837 ita
555 2765 720 2858 explicat
747 2763 826 2852 111,
856 2764 879 2837 1.
909 2765 948 2852 1.,
978 2763 1194 2837 Hartelium
1222 2767 1384 2854 secutus,
1415 2768 1458 2837 ut
1477 2766 1614 2839 doceat
1632 2766 1806 2839 membra
1824 2767 1987 2841 disiunc-

335 2901 418 2973 tiva
460 2900 562 2972 vocis
590 2898 872 2972 intermissione
901 2898 1045 2986 diduci;
1075 2898 1176 2971 unde
1203 2899 1308 2992 sequi
1337 2902 1381 2971 ut
1407 2895 1434 2994 ἤ
1463 2900 1718 2993 particulam
1746 2901 1878 2974 fronte
1906 2923 1989 2974 sen·

335 3035 483 3107 tentiae
511 3033 637 3128 posita
663 3033 815 3126 gravius
843 3034 1023 3105 efferatur
1050 3032 1269 3126 faciliusque
1298 3033 1554 3127 quantitatem
1582 3037 1722 3108 servet.
1778 3034 1890 3120 Quod
1910 3058 1989 3108 non

303 3159 568 3262 'negaverim
626 3166 697 3239 Sed
736 3167 852 3239 etiam
887 3166 936 3238 ad
966 3166 1104 3239 vocalis
1133 3165 1356 3240 firmitatem
1385 3167 1678 3262 confugiendum
1708 3189 1788 3241 esse
1818 3169 1932 3258 duco,
1961 3170 1993 3242 si

338 3302 488 3396 quidem
518 3303 600 3374 iure
628 3300 831 3374 statuimus
859 3301 980 3395 ipsam
999 3322 1193 3373 caesuram
1213 3300 1261 3372 ad
1281 3301 1539 3394 quantitatem
1558 3302 1784 3375 servandam
1804 3304 1994 3376 auxilium

337 3438 449 3513 ferre.
505 3436 558 3509 Eo
588 3436 690 3510 enim
716 3437 871 3509 nomine
899 3434 1041 3508 similes
1069 3434 1163 3508 duco
1178 3435 1388 3529 particulos
1406 3433 1469 3507 καί
1493 3439 1532 3509 11
1550 3431 1588 3532 ἧ,
1609 3436 1710 3530 quod
1729 3458 1752 3509 1
1769 3438 1993 3526 sententiis,

339 3593 436 3664 quae
464 3571 511 3643 ab
540 3571 584 3643 iis
612 3571 810 3663 incipiunt,
842 3569 943 3641 vocis
970 3568 1252 3642 intermissione
1280 3592 1393 3663 quam
1421 3570 1577 3643 minime
1606 3570 1730 3642 diduci
1758 3570 1907 3645 debent
1923 3567 1952 3645 ⁸.

451 3773 592 3849 ¹Rmch,
622 3777 742 3837 Hesiod.
772 3776 903 3846 Unters.,
927 3792 998 3852 pag.
1024 3774 1073 3845 10,
1099 3776 1134 3833 de
1158 3775 1290 3834 exituum
1315 3776 1530 3851 productorum
1553 3776 1748 3852 grammatica
1771 3776 1892 3836 ratione
1918 3778 1995 3856 agit.

338 3885 445 3961 Neque
468 3885 589 3956 omittit,
615 3885 650 3943 de
667 3883 904 3960 correptionibus
920 3902 1009 3959 agens
1026 3902 1094 3961 pag.
1114 3880 1165 3956 11,
1181 3900 1258 3958 sqqs,
1275 3882 1441 3942 declinandi
1460 3885 1491 3941 et
1506 3883 1704 3961 coniungendi
1715 3883 1814 3943 exitus
1826 3862 1998 3944 secernere.

449 3986 462 4024 ²
486 3993 635 4069 Perquam
657 3992 806 4050 infirmam
829 3990 916 4049 huius
939 3989 1104 4067 particulae
1128 3991 1326 4063 quantitatem
1350 4009 1412 4050 esse
1435 3991 1482 4048 vel
1504 3989 1572 4049 inde
1596 3990 1771 4050 concludere
1793 3960 1879 4064 licet,
1904 3994 2000 4069 quod,

340 4100 453 4160 omissis
476 4099 674 4176 Fragmentis,
699 4098 820 4158 dimidia
843 4117 912 4174 pars
935 4099 1147 4175 exemplorum,
1172 4116 1249 4172 quae
1272 4097 1303 4156 in
1326 4096 1506 4157 carminibus
1529 4096 1682 4158 Hesiodeis
1705 4100 1834 4169 exstant,
1857 4117 2001 4178 eorrrep·

340 4207 451 4267 tionem
473 4207 632 4283 patiuntur
655 4204 731 4278 (251
757 4225 773 4264 e
798 4204 884 4276 567).

450 4308 464 4347 ³
488 4313 572 4374 Hanc
594 4313 771 4374 sententiam
794 4314 893 4372 firmat
915 4314 955 4384 id,
980 4313 1060 4389 quod
1083 4331 1231 4390 nusquam
1254 4313 1297 4371 ita
1320 4312 1442 4388 ponitur
1464 4311 1613 4388 particula
1635 4303 1655 4390 ἥ
1678 4290 1885 4385 (1111111111,
1904 4313 1998 4374 inter·

341 4421 488 4498 rogativa,
513 4420 738 4497 comparativa),
771 4424 807 4479 ut
829 4441 893 4479 eam
918 4421 1046 4496 excipiat
1068 4420 1238 4497 principalis
1262 4438 1365 4479 versus
1387 4419 1500 4478 incisio,
1546 4419 1609 4479 Has
1632 4419 1710 4478 enim
1732 4419 1817 4479 sedes
1845 4425 2000 4499 occupat:

255 4571 257 4576 -
340 4530 356 4588 I
380 4528 490 4588 thesin:
516 4528 571 4588 Th.
596 4530 626 4598 6,
651 4527 697 4587 Sc.
725 4527 752 4598 1,
778 4527 833 4605 Op.
859 4529 932 4599 246,
959 4527 1032 4598 247,
1058 4529 1132 4599 322,
1157 4528 1231 4598 668,
1258 4526 1330 4598 710,
1359 4526 1505 4596 eamr.
1533 4526 1638 4596 147‚1‚
1662 4524 1999 4600 149‚1,152,1,153,

344 4636 458 4706 213,2:
482 4636 512 4694 II
535 4635 647 4695 thesin:
673 4635 728 4694 Th.
754 4635 827 4706 531,
853 4637 927 4706 666,
952 4634 1008 4712 Op.
1032 4636 1115 4706 435;
1140 4635 1167 4692 V
1191 4635 1303 4694 thesin:
1328 4635 1384 4694 Th.
1409 4635 1460 4704 35,
1486 4634 1531 4693 Sc.
1557 4632 1632 4704 421,
1657 4633 1712 4711 Op.
1738 4634 1814 4705 246,
1837 4635 1927 4706 4283
1952 4656 1999 4696 ar·

284 4732 308 4761 ⁸
342 4744 386 4803 sn
422 4743 469 4802 11:
503 4742 558 4819 op.
597 4742 676 4813 175;
706 4743 790 4802 111
825 4744 887 4803 111:
924 4743 980 4802 11.
1016 4743 1046 4815 1,
1082 4742 1128 4802 st.
1154 4743 1206 4811 43,
1232 4741 1306 4801 sou.
1352 4740 1811 4817 ueaoeepaparecuuop.
1838 4724 2001 4803 111111

342 4851 433 4927 paulo
455 4869 556 4926 supra.
603 4849 645 4910 Ut
676 4850 755 4928 fugit
781 4851 902 4911 tertiam
925 4849 1031 4921 thesin,
1056 4850 1166 4926 quippe
1190 4869 1281 4925 quum
1304 4849 1431 4925 excipiat
1452 4848 1620 4907 firmissima
1643 4866 1776 4923 caesura,
1800 4848 1846 4908 ita
1870 4851 1999 4911 tertiam

343 4957 422 5016 arsin
446 4960 582 5032 occupat,
607 4976 684 5033 quae
707 4977 798 5033 quum
820 4958 940 5017 minime
964 4975 1049 5017 voces
1073 4948 1226 5032 disiunge.
1273 4954 1407 5031 Apparet
1429 4956 1608 5032 particulam
1633 4975 1681 5014 eas
1696 4954 1753 5015 sibi
1769 4955 1885 5035 eligere
1904 4959 2002 5031 serice,

342 5064 422 5123 unde
445 5063 594 5142 aptissime
618 5065 740 5144 incipiat
763 5086 873 5127 novum
896 5064 1060 5125 sententiae
1083 5064 1261 5123 membrum.
1477 5143 1480 5149 .

1598 5154 1615 5199 Ι
