4464 6082
284 218 331 300 82
833 245 894 309 loh.
914 244 1048 308 Paulson:
1059 244 1167 307 sauia
1186 243 1330 307 Hesiodea.
1366 244 1388 305 Ῑ.

282 441 510 528 Homerum;
542 440 641 534 quod
670 440 796 512 nescio
826 463 874 512 an
904 462 972 532 pro
1001 462 1069 511 sua
1097 442 1207 532 parte
1237 438 1416 511 ostendat
1444 437 1725 531 correptionem
1756 434 1838 508 iarn
1869 431 1951 508 He-

282 574 378 646 siodi
413 574 650 668 temporibus
687 573 894 645 faciliorem
924 573 1113 666 reddita-m
1143 595 1235 646 esse.
1292 572 1401 666 Apud
1429 571 1640 644 Homerum
1669 593 1689 644 e
1718 571 1952 664 quingentis

284 709 559 802 quinquaginta
586 731 650 780 sex
681 707 862 801 exemplis
893 691 968 779 480
998 706 1055 794 (ε
1087 707 1192 795 8113)
1221 707 1259 777 in
1289 707 1406 778 tertia
1435 709 1474 778 et
1503 706 1637 799 quinta
1664 706 1831 778 caesuris
1861 710 1948 778 tro-

283 843 419 916 chaicis
462 842 587 936 posita
628 845 728 931 sunt,
775 841 821 912 76
852 839 909 927 1.-
943 841 1045 930 13,7)
1076 842 1115 912 in
1143 840 1292 928 ceteris
1322 841 1385 933 qui
1414 839 1695 934 correptionem
1724 834 1947 933 patiuntur,

283 976 384 1049 loeis.
441 974 589 1062 Hurtel,
624 974 654 1062 Ι,
691 998 776 1069 pag.
807 975 896 1047 443.
954 974 1140 1047 Hesiodus
1169 996 1189 1047 e
1221 975 1268 1046 70
1299 973 1481 1068 exemplis
1508 975 1548 1045 in
1576 973 1779 1047 trochaicis
1808 995 1946 1046 caesu-

283 1110 334 1183 ris
376 1111 488 1204 tertii,
518 1112 558 1182 et
587 1109 710 1202 quinti
739 1108 1069 1202 pedum·collooat
1099 1110 1146 1181 53
1178 1106 1234 1196 (=
1266 1109 1383 1198 717),
1413 1109 1505 1180 alias
1533 1108 1640 1182 sedes
1669 1111 1860 1202 occupant
1895 1108 1945 1178 17

284 1243 341 1331 1.-
372 1245 489 1332 21,3).
546 1242 696 1316 Scilicet
724 1243 800 1314 iam
829 1243 965 1332 minus,
994 1247 1038 1315 ut
1066 1243 1258 1337 correptio
1288 1241 1366 1332 fiat,
1393 1266 1487 1336 opus
1507 1246 1566 1316 est
1585 1264 1724 1336 magna
1741 1241 1819 1330 illa,
1843 1263 1947 1334 quae

286 1379 325 1449 in
354 1378 427 1449 illis
455 1377 618 1450 caesuris
647 1377 702 1466 fit,
732 1378 899 1450 diductio
929 1378 1069 1450 vocalis
1098 1402 1120 1448 a
1148 1377 1323 1450 consonis
1342 1372 1367 1449 ¹.
1424 1375 1534 1470 Apud
1558 1378 1761 1468 utrumque
1780 1379 1946 1468 poetam

285 1512 545 1605 correptiones
573 1511 722 1604 saepius
751 1514 937 1604 occupant
966 1513 1137 1607 quintam
1167 1534 1277 1604 quam
1298 1511 1457 1583 tertiam
1476 1509 1708 1582 trochaicum
1728 1530 1942 1581 caesuram.

284 1643 354 1717 llla
382 1634 541 1738 praebet
569 1646 667 1738 apud
704 1644 914 1717 Homerum
944 1645 1019 1716 278
1049 1644 1106 1732 (=
1138 1644 1255 1733 50‚0)‚
1285 1639 1384 1738 apud
1414 1644 1619 1717 Hesiodum
1651 1644 1699 1715 29
1728 1642 1785 1731 (2-
1816 1643 1942 1732 ele),

285 1780 394 1851 huius
423 1802 513 1851 vero
544 1779 717 1871 exempla
745 1778 949 1852 Homerica
976 1782 1065 1850 sunt
1096 1778 1168 1850 202
1200 1777 1258 1865 (=
1290 1778 1407 1868 3113),
1429 1777 1618 1850 Hesiodea
1638 1778 1687 1848 24
1708 1775 1765 1863 (=
1789 1771 1942 1865 34,3)2.

392 1905 619 1998 (luoddicit
646 1912 793 2000 Hartel,
823 1911 852 2001 Ι,
882 1936 967 2006 pag.
999 1913 1088 1999 444,
1118 1913 1256 1983 mirum
1286 1934 1378 1999 esse,
1409 1912 1510 2004 quod
1536 1912 1575 1983 iu
1595 1911 1763 1984 bucolica
1781 1933 1945 1984 caesura

286 2048 468 2141 corripiat
497 2050 614 2141 poeta
641 2045 683 2118 Il.
714 2044 851 2134 XXIII,
885 2047 976 2118 186:
1409 2036 1416 2048 ⁸
1575 2139 1577 2144 Ι

644 2175 774 2276 ἤματα
801 2175 863 2250 καὶ
891 2175 1034 2265 νύκτας,
1064 2172 1223 2275 ῥοδόεντι
1252 2173 1293 2249 δὲ
1321 2183 1420 2275 χρῖεν
1450 2172 1575 2273 ἐλαίῳ·
1643 2152 1654 2173 ’

238 2285 240 2288 ‚
288 2317 367 2388 eius
395 2315 463 2402 rei,
493 2318 536 2386 ut
564 2336 686 2407 nuper
714 2314 889 2402 vidimus,
921 2317 1073 2388 exstant
1092 2315 1168 2386 tria
1189 2315 1362 2408 exempla
1382 2313 1571 2387 Hesiodea
1587 2310 1613 2387 ³.
1670 2313 1804 2408 Neque
1824 2315 1944 2389 debet

289 2471 334 2521 ea
368 2470 428 2522 res
456 2449 750 2520 admirationem
779 2451 950 2521 nostram
979 2470 1152 2536 movere3
1197 2448 1297 2540 quod
1327 2451 1456 2520 autem
1485 2472 1601 2519 unum
1630 2451 1783 2520 tantum
1812 2471 1943 2522 exem-

288 2583 392 2676 plum
435 2582 618 2654 eiusmodi
661 2582 700 2653 in
742 2574 811 2654 hac
853 2604 1009 2654 caesura
1051 2585 1176 2654 exstat
1204 2582 1304 2675 apud
1332 2581 1554 2669 Homerum,
1584 2582 1764 2669 ostendit,
1795 2587 1945 2676 quanta
1987 2682 1990 2686 Δ

288 2717 405 2789 fuerit
432 2716 665 2809 producendi
695 2717 818 2788 visin
849 2716 984 2793 iunctis
1013 2718 1120 2787 muta
1148 2719 1188 2788 et
1216 2716 1370 2809 liquida.
1428 2714 1589 2788 (laesura
1618 2716 1730 2804 enim,
1761 2738 1858 2810 quae
1883 2717 1943 2788 in-

288 2848 452 2922 tercedit
479 2822 581 2921 inter
609 2848 735 2942 pedes
765 2850 977 2922 necessario
1007 2850 1188 2943 disiungit
1217 2849 1345 2936 verba,
1374 2851 1418 2919 ut
1438 2850 1569 2921 minus
1589 2849 1815 2922 observetur
1834 2851 1942 2923 iunc-

290 3083 429 3159 quentius
466 3086 584 3141 exstant
618 3102 707 3156 (quam
743 3086 869 3139 ceterae.
916 3082 991 3140 Vide
1022 3083 1146 3140 tabellas
1170 3102 1239 3158 pag.
1267 3081 1317 3141 14.
1365 3080 1478 3151 Quarta
1502 3081 1652 3140 trochaico
1676 3100 1798 3139 cassura
1822 3083 1942 3142 nullum

289 3190 483 3265 correptionis
507 3191 674 3264 exemplum
698 3189 863 3259 exhibente,
888 3189 1021 3264 singulos
1045 3189 1245 3264 c01·repti0nes

645 3296 768 3372 praebet
792 3296 821 3352 in
846 3295 859 3352 Ι
915 3296 1055 3354 trochaeo
1079 3294 1290 3355 cxxxxllla
1329 3314 1465 3371 quaeque
1490 3296 1607 3364 incisim

809 3447 820 3473 ,
849 3401 878 3459 ll
978 3447 989 3472 ,
1082 3401 1312 3460 Lxxxxsslla
1401 3448 1412 3473 ,‚

808 3554 819 3580 ,
847 3508 893 3568 III
979 3553 990 3579 ,
1084 3507 1231 3567 LVIIIIa

808 3661 820 3687 ‚,
847 3615 874 3672 V
978 3661 989 3685 ,‚
1084 3615 1272 3674 xxxvnua

290 3726 340 3786 Fr.
365 3725 472 3785 omissa
496 3730 576 3784 sunt.
1154 3716 1158 3725 ’

401 3828 413 3864 ¹
437 3833 541 3891 Hortel
576 3832 600 3901 l,
636 3813 710 3907 pagss
742 3831 815 3900 444,
848 3829 974 3906 quaerit,
999 3848 1053 3888 cur
1076 3829 1229 3906 imprimis,
1255 3832 1301 3888 vel
1327 3863 1367 3871 —-
1392 3834 1427 3888 ut
1450 3830 1513 3889 ‘eius
1536 3836 1606 3888 utsr
1629 3828 1726 3913 verbis
1756 3863 1788 3873 -
1816 3830 1848 3888 in
1872 3832 1944 3890 solis

290 3941 379 3999 tertia
414 3944 444 3998 et
467 3940 572 4015 quinta
596 3938 753 3997 trochaicis
778 3938 906 3996 caesuris
930 3915 1014 3996 nohis
1038 3941 1196 3995 occurrant
1220 3938 1430 4012 correptiones
1478 3937 1663 4014 Responsum
1687 3937 1754 3994 inde
1777 3939 1943 4012 petendum

290 4053 343 4107 est.
369 4047 449 4122 quod
473 4046 577 4105 ceteris
601 4046 729 4104 caesuris
753 4050 782 4102 et
805 4044 899 4122 inagis
922 4044 1152 4119 frequentantur
1176 4050 1205 4102 et
1228 4044 1372 4102 firmiores
1395 4048 1475 4113 sunt,
1499 4048 1535 4103 ut
1558 4045 1652 4119 magis
1669 4064 1685 4102 a
1704 4043 1841 4103 consonis
1854 4043 1943 4104 'didu-

291 4159 359 4212 cant
383 4155 524 4215 vocalem.
550 4173 641 4228 quare
666 4172 750 4212 suam
775 4151 890 4209 facilius
913 4156 1014 4210 servat
1037 4151 1247 4226 quantitatem.

400 4254 412 4290 ²
436 4260 559 4318 Silentio
582 4278 640 4318 non
662 4258 959 4334 praetermittendum
983 4261 1036 4325 est,
1054 4276 1088 4315 ex
1104 4258 1308 4333 undetriginta
1332 4258 1536 4334 correptionis
1555 4263 1623 4316 1110
1642 4259 1757 4316 iunctos
1775 4260 1890 4314 mutam
1914 4265 1945 4316 et

290 4367 435 4442 liquidam
458 4367 607 4442 exemplis,
632 4384 708 4441 quse
732 4365 760 4423 in
785 4366 889 4441 quinta
913 4365 1062 4424 trochaica
1086 4383 1207 4423 caesura
1231 4366 1311 4440 apud
1335 4364 1496 4424 Hesiodum
1521 4369 1647 4434 exstant,
1672 4364 1944 4440 vigintiquinque,

292 4493 368 4548 quue
392 4493 407 4530 e
431 4474 603 4532 necessitate
627 4473 749 4530 metrica
773 4473 938 4548 corripiunt
962 4461 1121 4548 (Κρονίων,
1147 4461 1343 4550 Προμηθεῦς,
1368 4465 1533 4551 apsentis,
1559 4465 1701 4547 δράκοντε
1726 4469 1795 4540 etc..)
1813 4471 1902 4528 etism
1929 4491 1946 4530 e

293 4581 466 4639 necessitate
501 4581 629 4655 quadarn
658 4581 733 4637 hanc
757 4598 858 4638 versus
882 4579 980 4637 sedern
1004 4596 1158 4654 occupare,
1184 4598 1276 4653 quum
1300 4598 1395 4650 voces,
1421 4599 1497 4655 01110
1520 4583 1650 4638 utuntur
1673 4578 1776 4654 figuris
1794 4609 1826 4638 υ
1844 4621 1876 4628 --
1898 4610 1943 4650 υ,

296 4718 326 4748 υ
345 4728 377 4737 -
395 4727 438 4756 -,
463 4672 686 4763 iinprimis'sibi
710 4687 822 4760 eligant
845 4704 947 4744 versus
972 4686 1146 4744 clausulam.
1505 4756 1508 4760 .

402 4788 416 4824 ³
440 4795 469 4851 h.
495 4794 521 4849 V
544 4811 638 4850 unum
663 4793 781 4850 exhibet
804 4794 970 4869 exemplum
993 4793 1080 4850 buius
1105 4792 1308 4868 correptionis
1335 4812 1362 4852 v.
1388 4791 1470 4850 431:

903 4895 940 4978 βῆ
965 4891 998 4954 δὲ
1022 4897 1119 4979 ρὲρων
1143 4888 1199 4955 ὑπὸ
1222 4902 1311 4972 γαῖαν
1336 4890 1366 4955 ἐν
1390 4889 1506 4977 ἅρμασι
1529 4896 1705 4976 χρυσείοισι.

529 5007 558 5065 h.
583 5005 667 5078 l'lll,
695 5005 709 5062 1
736 4983 878 5063 alterum:
903 4996 1002 5080 Ἀρες
1025 4995 1220 5084 ὑπερμενέτα,
1246 5000 1442 5083 βρισάρματε,
1468 4999 1691 5085 χρυσεοπήληξ.
