4464 6082
876 294 937 352 Joh.
957 295 1090 351 Paulson:
1110 294 1208 351 Studia
1229 254 1372 351 Hesiodea.
1410 292 1429 349 1.

461 485 677 572 Hoffmann,
706 482 736 571 I,
765 483 786 572 5
816 483 878 571 83,
915 483 1007 556 dicit
1034 505 1185 554 causam
1215 481 1423 575 productae
1452 472 1592 554 vocalis
1620 478 1744 554 finalis
1772 482 1869 553 ante
1900 501 2019 553 voces

354 644 377 691 a
403 619 559 713 singulis
586 617 761 691 consonis
789 617 1014 709 incipientes
1041 617 1207 710 positam
1235 637 1316 688 esse
1344 616 1382 686 in
1413 615 1502 708 ipsis
1530 613 1683 687 vocibus
1712 615 1889 687 vocalem
1910 614 2014 687 exci-

354 753 557 847 pientibus,
577 753 688 845 'quod
718 750 989 843 antiquissimis
1018 749 1254 843 temporibus
1274 772 1297 820 a
1316 749 1413 821 binis
1432 750 1608 821 consonis
1626 748 1862 843 inceperiut;
1894 752 2016 842 atque

348 860 376 960 e
405 888 570 974 vocibus,
600 909 692 979 quas
720 909 743 956 a
769 885 868 956 binis
896 885 1071 983 consonis
1100 883 1191 956 olim
1218 883 1404 976 incepisse
1433 883 1547 956 certis
1575 884 1811 977 argumentis
1839 882 2013 976 probare

354 1021 455 1107 licet,
485 1019 675 1094 concludit
704 1019 750 1093 de
778 1019 835 1107 iis,
865 1020 903 1089 in
933 1018 1067 1111 quibus
1096 1017 1202 1089 binas
1231 1038 1416 1089 consonas
1444 1017 1610 1089 initiales
1639 1017 1753 1089 fuisse
1781 1038 2013 1110 comparan-

355 1154 412 1226 dis
453 1154 590 1248 linguis
632 1153 802 1247 cognatis
844 1152 1108 1225 demonstrare
1152 1172 1227 1222 non
1256 1172 1471 1244 possumus:
1501 1150 1791 1243 productionem
1822 1154 1917 1224 ante
1947 1173 2014 1224 eas

355 1279 464 1358 nobis
505 1287 654 1379 aperire
696 1287 871 1379 antiquas
913 1285 1065 1358 formas.
1122 1283 1341 1357 Hoffmanni
1383 1285 1616 1359 sententiam
1653 1307 1791 1378 magna
1820 1306 1865 1357 ex
1897 1288 2014 1378 parte

356 1419 578 1513 probarunt,
623 1421 686 1513 qui
728 1422 815 1513 post
857 1440 943 1491 eum
971 1420 1010 1490 in
1039 1419 1152 1490 rebus
1179 1418 1438 1512 grammaticis
1468 1418 1608 1490 versati
1636 1421 1743 1506 sunt;
1773 1419 1850 1490 alia
1878 1423 2013 1492 autem

357 1575 403 1625 ex
432 1557 542 1647 parte
577 1549 660 1625 eam
690 1552 919 1625 restiterunt.
975 1551 1082 1624 Inter
1110 1552 1342 1624 recentiores
1370 1572 1499 1623 rerum
1527 1552 1772 1624 metricarum
1800 1553 2014 1646 scriptores

358 1709 470 1759 neruo
513 1688 669 1780 propius
712 1686 760 1758 ad
788 1686 1058 1758 Hoffmannum
1087 1686 1234 1759 accedit
1262 1708 1375 1779 quam
1404 1684 1586 1771 Schmidt,
1616 1708 1701 1779 pag.
1732 1685 1780 1756 85
1809 1707 1915 1787 sqq-3
1946 1688 2013 1779 qui

359 1821 499 1908 omnia,
543 1842 637 1913 quae
680 1823 844 1908 exstant,
886 1800 1148 1913 produ‘ctionis
1170 1820 1364 1913 exempla
1405 1822 1495 1890 ante
1524 1811 1546 1887 λ
1573 1839 1601 1914 p
1627 1800 1647 1887 ν
1676 1840 1697 1891 e
1724 1818 1823 1890 binis
1850 1820 2013 1892 initiali-

358 1954 426 2026 bus
464 1954 641 2028 consonis
683 1954 836 2026 deducit
855 1949 879 2042 ¹,
923 1975 1019 2047 quae
1061 1957 1190 2026 autem
1219 1957 1309 2025 ante
1338 1973 1357 2049 ρ
1387 1953 1645 2040 inveniuntur,
1675 1955 1743 2024 aut
1770 1952 1899 2046 posita
1927 1975 2012 2027 esse

253 2120 256 2125 ·
359 2090 398 2160 in
426 2089 548 2182 prisco
578 2087 716 2159 initiali
746 2087 948 2180 digammc,
979 2111 1063 2181 pag.
1095 2086 1157 2175 89,
1178 2087 1304 2159 autin
1323 2088 1406 2180 ipsa
1425 2086 1562 2158 initiali
1582 2106 1786 2182 consona-p
1805 2088 2013 2180 gutturali,

361 2245 474 2314 quam
504 2222 707 2315 distinguit
732 2244 755 2292 a
783 2220 927 2291 dentali
955 2240 985 2315 ρ,
1015 2224 1103 2313 post
1127 2220 1318 2314 digamma
1336 2220 1473 2314 posita,
1495 2243 1579 2313 pag.
1603 2219 1664 2293 99.
1720 2220 1844 2292 Aliter
1863 2220 2013 2316 Meyer,

363 2355 425 2427 or.
456 2354 533 2442 er,
562 2354 583 2442 s
613 2354 701 2425 ass.
1313 2436 1316 2442 ,
2020 2329 2025 2336 ’

466 2487 538 2559 Sed
568 2487 643 2557 iarn
671 2486 837 2579 singulas
866 2486 1108 2579 inspiciamus
1136 2509 1259 2578 voces,
1290 2509 1386 2580 quae
1415 2488 1705 2580 productionem
1735 2487 1915 2562 efficiunt.

466 2613 498 2690 λ.
554 2619 611 2691 Ab
652 2619 722 2691 hac
764 2641 930 2690 consona
957 2619 1145 2713 incipiunt
1172 2620 1265 2693 baec
1294 2620 1412 2694 verba
1439 2620 1638 2710 Hesiodea,
1670 2644 1766 2715 quae
1793 2623 2015 2715 producunt

359 2753 652 2826 antecedentem
682 2753 836 2825 brevem
861 2743 1050 2825 vocalem:
1081 2747 1253 2848 Λάχεσις,
1273 2757 1365 2827 ante
1385 2754 1488 2847 quod
1504 2755 1560 2826 bis
1580 2755 1775 2827 invenitur
1795 2756 2015 2849 productio,

360 2881 515 2981 λήγουσι
533 2882 558 2971 2,
587 2881 744 2981 λιγυρός,
773 2880 936 2982 λιπαρός,
966 2880 1441 2983 llipc<³‚1quaesinguas
1470 2888 1741 2981 productiones
1769 2888 1950 2962 efficiunt.

467 3020 614 3108 Haut-el,
650 3019 679 3107 I,
716 3043 800 3112 pag.
841 3019 930 3109 398,
959 3020 1072 3093 docet
1100 3044 1211 3094 voces
1240 3021 1461 3095 Homericus
1494 3067 1538 3077 -—
1569 3022 1671 3095 inter
1699 3046 1790 3116 quas
1818 3027 1909 3095 sunt
1938 3023 2013 3097 He·

360 3155 511 3227 siodeae
553 3148 671 3248 λήγω,
713 3148 869 3248 λιγυρός,
905 3148 1057 3250 λιπαρός
1091 3199 1133 3209 -
1165 3178 1189 3226 a
1216 3147 1238 3224 l.
1266 3154 1504 3248 incipientes,
1533 3130 1825 3228 antecedentem
1855 3156 2013 3230 brevem

361 3288 531 3360 vocalem
573 3287 838 3380 producentes,
881 3311 958 3359 non
988 3288 1242 3360 demonstrari
1271 3310 1380 3381 posse
1409 3313 1432 3360 a
1459 3289 1556 3361 binis
1585 3290 1760 3362 consonis
1789 3290 1880 3362 olim
1910 3291 2012 3364 iuce-

348 3422 459 3514 ·pisse
485 3416 677 3514 v(praeter
725 3413 779 3499 λίς
828 3461 868 3485 =
911 3414 989 3500 tri<
1005 3416 1048 3509 4).
1122 3420 1248 3494 Verbo
1295 3424 1437 3511 tamen,
1481 3423 1579 3515 quod
1624 3427 1683 3496 est
1728 3416 1846 3518 λήγω,
1893 3423 2014 3513 Kuos,

474 3647 483 3683 ¹
508 3653 581 3728 Peg.
607 3653 664 3710 93:
691 3696 698 3709 .
725 3698 730 3710 .
758 3698 764 3711 .
795 3654 904 3721 ,uther
936 3653 1105 3710 betrachtet
1139 3653 1204 3712 siud
1239 3673 1268 3712 es
1300 3698 1307 3711 .
1334 3698 1340 3712 .
1367 3697 1374 3712 .
1399 3674 1456 3713 nur
1487 3656 1609 3729 gewisse
1644 3655 1774 3726 Wllrtor,
1799 3657 1909 3715 welche
1936 3700 1944 3714 .
1973 3703 1981 3717 .
2007 3704 2014 3718 .

362 3759 439 3817 disse
463 3759 594 3818 Position
618 3734 806 3818 veranlassen
831 3803 838 3818 .
865 3805 871 3816 .
899 3804 905 3816 .
930 3759 999 3818 Dies
1032 3760 1104 3818 lasst
1127 3758 1293 3829 schlidssen,
1319 3762 1385 3820 dass
1409 3763 1485 3820 auch
1505 3764 1574 3837 jone
1598 3762 1719 3821 Wdrter
1742 3763 1825 3821 einen
1850 3782 2014 3823 consonan-

361 3866 474 3924 tisoben
509 3866 589 3924 Laut
624 3868 699 3925 noch
734 3886 788 3923 vor
812 3868 863 3925 der
886 3866 1086 3924 betreffenden
1110 3866 1238 3943 Liquida
1261 3867 1396 3926 hatteu¹‘.
1443 3889 1512 3945 pag.
1539 3870 1597 3928 94:
1639 3870 1789 3939 „Andercs
1811 3870 1883 3929 aber
1907 3866 2014 3947 (quam

362 3992 477 4032 sumere
502 3988 519 4027 c
543 3972 669 4044 initiale)
704 3972 798 4030 bleibt
832 3973 907 4031 arnob
932 3972 1013 4030 nicht
1036 3973 1124 4048 librig
1147 3973 1194 4031 bei
1219 3964 1324 4051 μέγας,
1350 3968 1500 4052 μαλακός.
1526 3969 1622 4054 μέλεα
1646 3978 1708 4035 und
1732 3971 1832 4056 μελίη,
1857 3979 1895 4037 da
1920 3994 1938 4034 σ
1963 3980 2016 4038 der

363 4080 558 4138 nati'rrlichste
593 4080 654 4138 und
689 4084 960 4155 ungenwungensta
984 4078 1149 4156 Vorscblag
1183 4100 1238 4140 vor
1261 4097 1283 4159 μ
1306 4082 1376 4139 isc.
1424 4102 1492 4158 pag.
1519 4084 1577 4141 95:
1608 4084 1710 4151 ,Auch
1734 4085 1780 4143 bei
1805 4085 1860 4143 deu
1884 4086 2015 4163 dbrigen

363 4185 486 4257 (scilicet
509 4206 585 4262 quae
608 4187 718 4261 linguis
742 4187 876 4262 cognatis
900 4187 1105 4261 comparandis
1129 4209 1146 4245 a
1169 4188 1245 4246 binis
1269 4189 1403 4247 consonis
1427 4190 1568 4266 incepisse
1585 4191 1782 4278 demgustrari
1798 4210 1856 4249 non
1873 4194 2014 4268 possunt)

363 4295 417 4351 mit
441 4287 459 4348 λ
482 4295 544 4351 und
567 4310 582 4347 ν
606 4294 814 4361 anlautenden‚
840 4293 972 4352 Position
996 4294 1176 4352 machenden
1200 4294 1351 4365 Wtrtern,
1376 4297 1492 4354 mlicbte
1515 4297 1561 4355 ich
1586 4298 1632 4355 ein
1659 4299 2017 4375 vorgeschlagenesstar·

363 4401 414 4459 kes
448 4395 469 4458 lv
503 4403 667 4459 anrrelnnen
702 4401 763 4458 und
798 4399 874 4459 finde
909 4419 941 4459 so
976 4401 1028 4459 dus
1062 4399 1245 4460 Schwenkeu
1269 4403 1321 4461 der
1344 4400 1465 4460 Wtrter
1488 4403 1534 4462 bei
1558 4404 1670 4463 Homer
1699 4405 1789 4463 leicht
1822 4406 2016 4466 erkltrlich“.

364 4496 466 4585 (νέφος
489 4526 504 4564 e
528 4505 655 4586 *σνέφος
679 4527 732 4582 per
755 4508 881 4565 mediam
906 4508 1032 4565 formam
1056 4498 1157 4586 ‘ripae
1180 4508 1322 4579 deducit).

475 4608 487 4645 ²
511 4607 595 4692 λήγω
617 4615 716 4684 semel,
742 4614 796 4690 Op.
823 4615 895 4685 421,
921 4615 1029 4690 excipit
1051 4614 1171 4672 brevem
1194 4616 1339 4691 syllabam
1363 4610 1421 4692 (τε)
1445 4636 1502 4676 non
1526 4619 1713 4694 productam,
1738 4623 1846 4696 quater
1869 4620 2005 4697 longam.

474 4713 487 4751 ⁸
512 4720 569 4778 Ter
593 4721 661 4796 (Op.
687 4722 761 4792 230,
788 4724 860 4792 299,
886 4721 962 4791 363)
986 4722 1116 4792 brevem,
1141 4723 1297 4798 quinquies
1321 4724 1440 4799 longam
1464 4725 1573 4800 excipit
1595 4727 1751 4801 syllabam.

475 4821 488 4857 ⁴
512 4826 646 4895 Curtius,
683 4827 813 4886 Grundz.
839 4849 887 4888 n:0
913 4830 986 4888 543.
1033 4829 1142 4887 Forma
1165 4830 1242 4887 enim
1266 4850 1284 4888 a
1307 4831 1424 4890 duabus
1448 4833 1582 4891 consonis
1606 4833 1748 4909 incipiens
1772 4838 1879 4909 quater
1903 4837 2022 4912 requiri

365 4934 484 4993 videtur
507 4938 543 4992 ut
565 4935 750 5009 producatur
773 4937 933 5010 praemissa
957 4936 1067 4994 vocalis
1090 4937 1196 5008 finalis,

592 5041 627 5100 ll.
652 5042 704 5112 Xl,
731 5043 811 5119 239:
837 5033 904 5098 ἕλκ’
929 5033 977 5098 ἐπὶ
1001 5032 1031 5098 ci
1053 5039 1179 5121 μεμαὼς
1201 5033 1243 5108 ὦς
1267 5060 1297 5100 τε
1322 5039 1380 5114 λίς,
1406 5035 1441 5101 ἐκ
1465 5038 1492 5101 δ’
1517 5039 1579 5124 ἄρα
1601 5045 1707 5126 χειρός
1737 5083 1768 5091 -
1850 5086 1855 5096 ·
