4464 6082
287 284 336 359 4⁶
835 315 896 370 Joh.
917 315 1050 368 Paulson:
1069 313 1169 368 Studia
1188 275 1331 369 Hesiodea.
1368 313 1389 367 1.

391 498 447 572 Sc.
478 500 631 572 exhibet
659 499 770 573 duos:

290 634 380 705 176:
410 630 462 704 τοί
490 625 520 702 δ’
550 627 603 703 ἔτι
622 619 762 730 μᾶλλον
783 626 1008 730 ἐγειρέσθην
1031 675 1076 684 -
1106 624 1109 730 Ι
1136 634 1231 704 261;
1263 626 1364 728 δῆριν
1394 625 1478 727 ἔχον
1506 628 1591 727 περί
1619 630 1852 703 πιπτόντων·

391 765 458 860 Op.
487 790 564 840 non
594 768 719 840 miuus
748 787 861 862 quam
890 768 1089 841 duodecim
1117 766 1319 861 praebent:

286 901 361 972 220
390 907 458 996 oq<
478 895 519 970 δὲ
539 896 654 996 Δίκης
674 895 786 1011 ρ’όόος
806 893 1011 1002 ἑλκομένης
1138 901 1213 973 465
1243 896 1334 997 μησί
1362 893 1392 970 δ’
1422 895 1516 996 ἀνὴρ
1545 895 1680 996 φρένας
1709 894 1880 996 ἀφνειός
1917 940 1970 949 -

285 1034 360 1106 244
390 1028 477 1104 οὐδὲ
502 1039 675 1127 γυναῖκες
703 1032 878 1106 τίκτουσιν
910 1079 955 1090 -
1138 1034 1212 1107 486
1242 1027 1339 1129 ἦμος
1365 1023 1501 1116 κόκκυξ
1528 1025 1730 1116 κοκκύζει1
1768 1078 1818 1087 -

160 1181 162 1186 ’
286 1168 360 1240 267
391 1162 519 1239 Πάντα
546 1162 632 1239 ἰδὼν
661 1162 744 1249 Διός
772 1163 967 1265 ὀφθαλμός
999 1213 1044 1222 -
1139 1168 1214 1239 503
1244 1161 1310 1238 οὐκ
1337 1161 1410 1238 αἰεί
1436 1163 1550 1263 θέρος
1578 1161 1740 1238 ἐσσεῖται
1770 1212 1827 1277 ,-

285 1301 360 1373 312
391 1295 504 1385 αἰδώς
531 1321 584 1372 τοι
610 1301 700 1397 πρός
728 1296 882 1398 ἀνολβίῃ
917 1347 959 1356 --
1140 1302 1214 1373 573
1245 1293 1327 1370 ἀλλ’
1356 1297 1479 1396 οίρπας
1506 1321 1547 1371 τε
1574 1296 1875 1398 χαρασσέμεναι
1915 1344 1967 1352 -

285 1434 362 1507 409
389 1429 416 1531 ἡ
446 1428 475 1504 δ’
505 1433 586 1531 ripn
616 1430 894 1532 παραμείβηται
928 1480 970 1490 -
1139 1435 1213 1507 662
1229 1404 1350 1530 Ιθήτόι
1377 1427 1406 1504 τ’
1436 1429 1781 1507 ἄοικον-ποιεῖσθαι
1814 1478 1872 1487 -

285 1569 361 1641 464
391 1563 528 1665 ῥηίδιον
558 1561 587 1639 δ’
617 1564 896 1665 ἀπανήνασθαι·
1139 1569 1216 1641 628
1244 1563 1271 1664 ἡ
1300 1563 1342 1638 δὲ
1368 1567 1463 1664 γυνὴ
1492 1561 1606 1665 τέτορ’
1634 1554 1753 1665 κραίνοι
1788 1611 1841 1621 -
1902 1565 1915 1583 ’

391 1703 420 1774 Ε
449 1703 497 1775 47
527 1704 644 1798 igitur
672 1703 854 1790 versibus,
884 1727 977 1796 quos
1006 1724 1200 1776 caesuram
1227 1704 1335 1776 tertii
1363 1702 1469 1797 pedis
1498 1703 1723 1776 omittentes
1752 1705 1966 1778 exhibent

284 1837 453 1910 carmina
493 1837 693 1925 Hesiodea,
737 1839 782 1910 18
811 1859 935 1931 neque
963 1837 1179 1911 nominibus
1208 1837 1371 1931 propriis
1399 1859 1522 1930 neque
1551 1837 1687 1910 iunctis
1715 1837 1855 1911 verbis
1888 1861 1961 1912 ex·

220 1967 230 1984 ⁰
284 1975 474 2044 cusantur.
1048 2073 1049 2077 ρ

391 2105 539 2193 Versus,
569 2106 633 2199 qui
661 2108 820 2199 quartae
846 2106 946 2178 sedis
973 2105 1194 2178 incisionem
1222 2105 1421 2192 omittunt,
1450 2106 1634 2176 annotavi

536 2239 689 2334 dactylo
736 2240 775 2312 in
804 2261 849 2312 ea
874 2240 964 2312 sede
992 2261 1096 2328 usos:
1127 2238 1195 2310 Th.
1226 2238 1288 2326 97,
1317 2237 1374 2310 So.
1404 2238 1468 2325 66,
1498 2237 1565 2332 Op.
1597 2239 1665 2327 48;

536 2373 761 2467 spondeo„
817 2429 833 2460 „
910 2430 926 2460 ,‚
1030 2396 1094 2461 ,ε
1147 2430 1163 2459 ,
1225 2372 1286 2460 63,
1338 2429 1354 2460 ,
1405 2372 1467 2459 42,
1530 2429 1544 2459 ,
1595 2368 1665 2462 4'9;

225 2512 227 2515 ’
285 2508 349 2599 qui
378 2528 508 2580 versus
536 2507 663 2601 plures
691 2511 780 2580 sunt
809 2530 922 2601 quam
951 2510 994 2579 ut
1022 2507 1136 2580 licoat
1163 2507 1313 2579 uberius
1338 2506 1384 2579 de
1403 2507 1559 2600 singulis
1579 2528 1774 2600 quaerere.
1837 2507 1953 2582 Duae

285 2641 365 2713 fere
407 2664 538 2713 eorum
567 2645 696 2735 partes
724 2643 953 2715 excusantur
985 2687 1029 2696 -
1060 2643 1091 2713 si
1120 2639 1276 2714 omnino
1305 2641 1547 2713 excusatione
1575 2663 1671 2734 opus
1699 2644 1759 2713 est
1791 2684 1840 2696 —-
1877 2647 1952 2715 aut

284 2775 499 2847 nominibus
527 2776 691 2868 propriis
718 2778 787 2847 aut
815 2776 969 2848 vocibus
997 2775 1145 2847 iunctis.
1201 2773 1333 2847 Tertia
1359 2777 1488 2845 autem
1516 2796 1639 2867 neque
1662 2773 1780 2847 habet
1812 2796 1949 2870 neque

246 2901 249 2906 ’
283 2910 444 3003 requirit
472 2910 766 2982 excusationem.

389 3043 534 3128 Quarto
564 3042 660 3136 pede
688 3065 881 3115 caesuram
912 3043 1129 3129 omittente,
1151 3043 1306 3135 quintus
1323 3063 1391 3134 pes
1408 3041 1509 3114 solet
1529 3041 1707 3114 exhibere
1724 3036 1751 3115 ².
1809 3041 1945 3121 u-W.

283 3174 350 3264 ΙΠ,
380 3199 464 3269 pag.
500 3178 558 3263 lb,
589 3176 740 3288 docent,
768 3177 908 3248 omissa
935 3179 1094 3269 quartae
1123 3176 1221 3248 sedis
1248 3197 1416 3261 caesura,
1446 3175 1619 3267 quintam
1648 3174 1778 3247 sedem
1798 3178 1861 3248 uti
1881 3201 1942 3251 so·

395 3350 406 3386 ¹
430 3354 486 3414 Hic
521 3332 623 3414 versus
654 3356 744 3413 etiam
767 3355 825 3414 alio
848 3354 935 3413 modo
958 3373 1096 3414 caesurus
1120 3373 1178 3412 non
1201 3354 1295 3412 bonas
1319 3353 1446 3423 exhibet,
1472 3354 1551 3428 quod
1575 3354 1680 3429 incipit
1703 3375 1720 3412 a
1743 3354 1867 3415 duabus
1892 3376 1944 3417 vo·

284 3462 378 3530 cibus,
402 3481 480 3537 quae
503 3463 622 3520 eaedem
646 3462 791 3538 spondeos
814 3462 954 3531 efficiunt,
979 3479 1116 3520 caesuras
1139 3461 1271 3537 integras
1294 3461 1467 3536 spondeicus
1484 3461 1665 3520 exhibentes.
1710 3460 1841 3520 Exstant
1857 3464 1944 3540 apud

284 3569 447 3628 Hesiodum
469 3570 557 3644 pauci
582 3588 694 3637 versus,
718 3588 845 3644 quorum
870 3568 959 3644 primi
982 3573 1012 3627 et
1034 3569 1156 3627 secundi
1178 3569 1266 3644 pedes
1289 3568 1480 3627 incisionibus
1495 3567 1620 3645 integris
1634 3568 1836 3644 excipiuntur,
1855 3571 1944 3630 nulls

285 3675 315 3733 in
339 3676 464 3752 pedibus
487 3681 621 3734 exstante
645 3695 777 3745 caesura,
801 3677 852 3734 sed
876 3694 977 3734 omnes
1000 3680 1053 3733 aut
1076 3677 1106 3733 in
1131 3676 1277 3733 alterutra
1301 3678 1354 3732 aut
1377 3675 1407 3732 in
1430 3678 1560 3752 utraque
1583 3675 1650 3734 sede
1675 3675 1831 3750 dactylum
1849 3678 1943 3738 collo·

284 3787 362 3853 cant,
386 3787 422 3841 ut
442 3783 606 3842 similitudo
630 3784 818 3858 aliquantum
842 3782 981 3840 evitetur.
1028 3782 1125 3840 Huius
1148 3783 1263 3858 generis
1286 3801 1364 3840 unus
1388 3785 1507 3840 tantum
1530 3786 1627 3841 exstat
1651 3800 1762 3852 versus,
1786 3782 1844 3842 Th.
1866 3783 1943 3857 797,

284 3890 335 3966 qui
370 3909 405 3949 eo
439 3890 536 3948 minus
571 3889 702 3958 offendit,
734 3889 813 3964 quod
837 3889 1075 3964 interpunctione
1099 3889 1227 3965 primum
1252 3890 1404 3964 dactylum
1428 3910 1445 3946 a
1468 3890 1598 3949 secundo
1621 3888 1767 3965 seiungit:
1794 3884 1941 3966 βρώσιος,

284 3987 367 4052 &tte
400 4012 432 4052 τε
472 4031 505 4040 -
543 4000 581 4054 ut
614 3996 788 4054 incisionum
811 3995 975 4054 similitudo
998 3997 1095 4054 minus
1118 3996 1302 4055 observetur.
1349 3996 1433 4054 Illius
1457 3999 1556 4054 antem
1580 3996 1696 4073 genem
1718 3996 1792 4056 haec
1815 4002 1941 4058 exstant

283 4105 433 4179 exempla:
470 4103 525 4162 l'lu
564 4103 616 4178 27,
652 4102 704 4173 47,
730 4102 805 4175 417,
827 4102 911 4171 933ς
947 4101 993 4163 Sc.
1018 4104 1077 4174 92;
1102 4102 1157 4179 Op.
1184 4105 1260 4175 559;
1284 4103 1433 4179 equibus
1457 4102 1503 4163 Se.
1529 4104 1581 4174 92,
1604 4107 1641 4161 ut
1664 4102 1719 4162 Th.
1747 4102 1821 4175 797,
1846 4105 1940 4166 inter·

284 4211 391 4287 pungit
424 4211 502 4269 inter
535 4210 666 4286 primum
689 4214 720 4268 et
753 4209 915 4268 seeundum
942 4211 1062 4286 pedem:
1088 4204 1239 4287 σχέτλιος·
1263 4201 1282 4289 η’
1307 4224 1364 4266 που
1465 4207 1526 4286 0ρί
1544 4210 1608 4269 486
1634 4213 1735 4273 autom
1758 4209 1884 4273 videtur
1908 4213 1940 4272 in

284 4317 434 4376 meliorem
458 4337 649 4376 caesurarum
674 4316 806 4374 ordinem
830 4316 924 4392 redigi
947 4336 1032 4392 posse
1055 4318 1109 4375 hoc
1133 4318 1236 4376 modo:

708 4413 788 4501 ipsc
808 4417 951 4488 consister
972 4417 1084 4489 κόκκυξ
1109 4416 1198 4499 δρυός
1222 4414 1252 4479 ἐν
1275 4417 1433 4479 πετάλοισι
1457 4454 1509 4482 -.

284 4530 348 4590 Nisi
383 4550 556 4607 persuasum
591 4531 733 4588 hahemus
768 4533 886 4607 poetam
921 4531 1019 4589 studio
1052 4531 1179 4589 evitasse
1214 4550 1410 4590 consonarum
1446 4531 1622 4606 congeriem,
1651 4550 1728 4606 quae
1753 4533 1824 4590 tum
1851 4533 1941 4594 lieret

283 4638 314 4695 in
349 4638 598 4713 semiseptenaria.
646 4637 783 4696 Fortasse
818 4638 917 4707 etism,
953 4638 1088 4713 spondeis
1118 4631 1229 4703 κόκκυξ
1253 4632 1383 4700 noant(-
1406 4637 1531 4695 invicem
1554 4656 1585 4695 se
1609 4637 1836 4714 excipientibus,
1860 4641 1941 4702 hano

284 4745 508 4804 consonantiam
531 4745 676 4802 industria
699 4745 845 4814 servavit3
870 4764 946 4819 quae
970 4745 1124 4813 minuitur,
1149 4745 1174 4803 si
1198 4763 1284 4804 voees
1308 4747 1554 4821 transponuntur.

393 4845 406 4884 ³
431 4851 515 4910 Unus
538 4854 636 4910 exstat
658 4851 686 4908 in
709 4850 758 4909 Sc.
783 4870 895 4922 versus,
917 4852 982 4926 qui,
1006 4851 1030 4909 si
1053 4851 1213 4910 canimus
1236 4853 1404 4927 procliticas
1428 4852 1637 4927 encliticasqae
1653 4870 1741 4911 voces
1756 4870 1826 4912 earn
1841 4855 1940 4933 ecqud,

284 4957 369 5020 <nius
392 4958 526 5017 accentui
546 4957 692 5016 ohnoxiae
716 4962 787 5016 sunt
809 4958 912 5025 (indm.
935 4978 1005 5034 pag.
1034 4958 1096 5030 43),
1119 4959 1242 5033 quintae
1263 4958 1342 5017 sedis
1366 4962 1517 5017 caesuram
1541 4958 1683 5035 neglegit,

641 5084 668 5125 v.
695 5065 752 5123 93:
777 5056 813 5149 ἣν
837 5054 932 5143 durna
956 5054 1061 5150 ὀχέων·
1086 5054 1106 5145 ἡ
1130 5056 1156 5119 δ’
1182 5053 1216 5120 οἳ)
1239 5059 1458 5148 παλινάγρετός
1481 5055 1570 5125 ἐστιν.
