4464 6082
293 284 364 358 126
832 316 894 370 roa.
915 315 1048 370 Paulson:
1068 315 1169 371 6666
1189 315 1333 370 nnana
1370 315 1391 369 ι.
1450 272 1453 278 ’

183 510 185 514 ’
287 499 435 572 Atticos
476 502 691 595 scriptores,
749 501 923 575 Carmina
964 501 1153 574 Hesiodea
1194 502 1268 573 duo
1310 501 1491 574 exhibent
1533 501 1709 595 exempla
1737 504 1945 596 correptae

288 634 440 721 vocalis,
464 628 538 704 ἴσον
555 634 621 728 Op.
641 636 729 724 762,
751 630 813 706 ίσοι
831 635 890 707 Fr.
917 635 1041 723 1692.
1099 636 1270 708 Priorem
1291 657 1454 722 versum,
1475 639 1518 708 ut
1537 636 1765 707 restituatur
1784 636 1944 730 longum

287 787 309 852 ι,
351 768 422 841 hoc
469 769 582 841 modo
631 770 809 842 enrendat
855 769 1128 864 Ooettlingius:
1173 763 1272 866 μηδὲ
1313 762 1570 865 δυιυδεκιίμην·
1614 761 1690 840 ίσον
1731 765 1795 841 καί
1836 775 1943 840 τοῦτο

287 898 455 972 τέτυκται
492 901 563 990 (ita
598 903 713 976 e-Fl.
747 905 786 975 in
822 904 920 976 huuc
962 927 1130 991 versum;
1176 904 1336 976 forsitan
1380 903 1517 976 debeat
1552 925 1633 976 esse
1662 895 1941 999 decedesdpqv’)

286 1061 355 1131 pro
399 1031 696 1133 δυωδεκάμηνον·
740 1032 826 1122 ἴσον,
869 1060 965 1132 quae
1008 1039 1046 1109 in
1088 1038 1192 1110 libris
1230 1042 1328 1110 sunt.
1386 1037 1562 1131 Plerique
1591 1038 1758 1111 editores
1786 1060 1941 1111 versum

287 1172 456 1265 spurium
500 1172 652 1244 ducunt.
710 1172 935 1244 Emendatio
966 1172 1252 1267 Ooettlingiana
1281 1172 1372 1243 mihi
1401 1172 1615 1265 respuenda
1643 1173 1796 1244 videtur
1825 1195 1942 1267 quum

231 1304 235 1312 ’
287 1306 514 1378 emendator
542 1306 622 1399 ipse
652 1308 826 1393 termam,
858 1330 970 1400 quam
1000 1307 1276 1379 restituendam
1305 1329 1386 1378 esse
1415 1307 1519 1378 ducit
1547 1307 1749 1378 invenerit.
1807 1306 1942 1401 Neque

287 1439 400 1512 aliter
441 1440 564 1512 iudico
609 1441 655 1513 de
685 1441 911 1513 emendandi
941 1441 1150 1533 conatibus,
1180 1463 1273 1535 qnos
1302 1441 1340 1512 in
1369 1442 1491 1513 altero
1521 1462 1633 1512 versu
1662 1440 1837 1513 fecerunt
1867 1441 1941 1512 viri

286 1573 389 1646 docti
399 1595 407 1660 ;
439 1573 485 1645 de
514 1573 647 1666 quibus
678 1551 763 1647 vide
792 1572 943 1648 Rzachii
973 1574 1183 1648 editionem
1203 1570 1227 1647 ¹.

392 1706 568 1778 Formam
611 1700 686 1789 ἶσος
728 1731 749 1781 6
791 1708 962 1811 *profe-c
1004 1709 1262 1782 deducendam
1305 1731 1385 1782 esse
1428 1709 1540 1782 docet
1568 1708 1728 1797 Curtius,
1758 1709 1941 1798 eruum,

286 1863 349 1912 n:o
383 1840 471 1913 669.

392 1969 622 2072 δτιυρινίς.
678 1976 780 2050 Η666
811 2000 883 2049 vox
914 1978 968 2049 bis
997 1978 1155 2071 corripit
1183 1978 1354 2050 vocalem
1382 1997 1410 2047 t:
1432 1973 1615 2081 ,ὁπιυρινίον
1645 1977 1712 2071 Op.
1740 1978 1829 2067 674,
1851 1996 1942 2074 μετ-

285 2109 460 2205 οπωρινὸν
489 2112 555 2206 Op.
588 2112 682 2199 416;
713 2112 829 2185 semel
858 2111 1046 2206 producit,
1075 2111 1197 2183 vocali
1231 2130 1242 2180 ι
1276 2112 1314 2182 16
1333 2111 1497 2183 secunda
1516 2112 1591 2183 arsi
1610 2112 1747 2206 posita,
1767 2106 1940 2208 ὀπωρινῷ

285 2242 351 2338 Op.
384 2246 471 2318 677.
528 2245 678 2318 Scilicet
706 2247 766 2319 hic
794 2247 970 2318 imitatur
998 2246 1100 2318 locos
1129 2245 1353 2318 Homericos
1382 2246 1451 2319 hac
1471 2268 1563 2318 voce
1583 2269 1688 2333 usos3
1719 2246 1783 2338 qui
1803 2268 1940 2320 omues

284 2379 512 2472 productum
541 2399 551 2449 ι
580 2381 617 2450 iu
661 2380 730 2453 hac
767 2380 855 2452 sede
884 2382 1051 2474 ponunt:
1081 2379 1124 2451 ll.
1155 2379 1199 2467 V,
1231 2382 1265 2466 6,
1295 2378 1394 2466 XVI,
1426 2380 1514 2467 366,
1544 2378 1657 2473 XXI,
1675 2379 1763 2467 346,
1793 2378 1862 2453 Od.
1894 2379 1940 2469 V,

286 2512 374 2586 328.
429 2513 589 2587 Matrica
616 2515 721 2586 nulla
748 2515 894 2587 accedit
922 2514 1154 2607 producendi
1184 2514 1388 2586 necessitas
1416 2514 1454 2584 iu
1482 2514 1540 2584 his
1569 2513 1712 2586 formis.

390 2644 586 2717 τιταίνιυ.
642 2645 774 2720 Solent
815 2647 1029 2741 duplicatae
1071 2648 1239 2742 syllabae
1277 2651 1455 2741 correpta
1491 2647 1612 2720 vocali
1641 2648 1709 2719 uti.
1766 2646 1849 2721 Hoc
1878 2651 1937 2720 ta-

284 2803 372 2864 men
403 2781 561 2854 verbum
590 2783 687 2875 apud
717 2781 924 2854 Hesiodum
954 2783 1071 2854 semel
1101 2782 1366 2875 duplicationis
1395 2783 1564 2854 vocalem
1592 2781 1780 2874 producit,

515 2916 581 2988 Th.
614 2915 708 2988 209:
739 2912 859 3010 φάσκε
888 2909 929 2984 δὲ
957 2912 1176 2996 τιταίνοντας
1205 2910 1420 3012 ἀτασθαλίῃ
1451 2911 1550 3011 μέγα
1578 2905 1692 3011 ῥέξαι.

283 3049 416 3143 Neque
458 3050 681 3122 abscondita
721 3053 779 3122 est
814 3050 922 3122 huius
951 3050 1211 3143 productionis
1239 3073 1361 3122 cansa.
1418 3050 1615 3144 Explicare
1644 3051 1745 3147 enim
1775 3054 1939 3123 conatur

283 3187 409 3276 poeta,
439 3184 539 3256 uude
568 3185 617 3255 sit
646 3184 800 3256 ductum
828 3183 1007 3255 'litonum
1034 3166 1175 3256 nomen
1203 3183 1254 3270 (v.
1286 3184 1380 3255 267;
1410 3182 1532 3280 πατὴρ
1561 3177 1719 3278 Τιτῆνας
1740 3175 1936 3279 ἐπίκλησιν

282 3311 468 3387 καλέεσκε
509 3311 672 3407 παῖδας).
729 3311 840 3412 Τιτήν
883 3320 1012 3389 autem
1054 3341 1128 3390 vox
1170 3318 1308 3411 ubique
1350 3319 1464 3412 longa
1499 3319 1621 3390 vocali
1650 3338 1660 3388 ι
1690 3319 1824 3392 utitur.
1881 3319 1937 3392 De

282 3451 469 3544 producta
510 3452 776 3546 duplicationis
819 3451 940 3524 vocali
982 3451 1069 3523 vide
1111 3452 1294 3539 Curtium,
1337 3454 1361 3524 l.
1396 3453 1433 3537 1.,
1464 3475 1548 3546 pag.
1581 3453 1668 3525 666.
1726 3433 1936 3539 ἐτιταίνετο,

283 3583 399 3657 breve
427 3604 438 3653 ι
468 3586 660 3691 exhibens,
690 3585 799 3658 uobis
828 3586 993 3658 occurrit
1020 3585 1076 3657 66.
1107 3609 1141 3657 v.
1173 3586 1261 3658 226.
1799 3554 1806 3566 ⁰

389 3718 495 3802 Quod
537 3720 584 3790 ad
627 3713 804 3799 διιπετέος
846 3720 1000 3807 attinet,
1044 3741 1141 3812 quae
1174 3742 1247 3792 vox
1289 3719 1349 3791 Fr.
1395 3721 1463 3791 241
1500 3722 1664 3793 alterum
1692 3741 1704 3790 ι
1731 3722 1771 3793 in
1796 3726 1936 3815 quarta

282 3851 381 3924 thesi
423 3853 609 3945 producit,
640 3858 801 3946 apparet
829 3854 1020 3946 geminam
1050 3877 1199 3925 causam
1228 3877 1267 3927 se
1296 3826 1491 3947 praebere,
1522 3876 1588 3926 cur
1616 3860 1815 3928 excusetur
1844 3879 1933 3950 pro·

283 3987 422 4059 ductio.
480 3986 612 4079 Neque
655 3989 768 4075 enim,
813 3988 883 4058 nisi
913 3988 1099 4080 producta
1127 3988 1272 4082 syllaba
1299 4007 1390 4072 -ιπ-,
1419 3989 1458 4059 iu
1488 4011 1639 4060 versum
1668 3989 1831 4082 quadrat
1859 3990 1933 4063 hoc

283 4120 453 4203 verbum,
483 4122 524 4191 66
551 4123 680 4213 potest
707 4141 718 4189 ι
747 4120 859 4193 finale
888 4122 1047 4194 membri
1078 4115 1141 4190 διι-
1170 4123 1217 4193 ad
1245 4122 1533 4194 similitudinem
1562 4122 1685 4195 exitus
1712 4123 1853 4196 stertii
1873 4145 1933 4197 ce·

281 4276 342 4325 sus
371 4247 551 4349 (διίφιλος)
579 4254 799 4347 producere.
856 4255 1027 4349 Apparet
1055 4254 1264 4327 Homerum
1293 4256 1431 4348 ubique
1459 4255 1679 4353 producere.

388 4387 569 4461 Vocalem
611 4408 622 4456 ι
664 4393 754 4460 ante
784 4389 954 4461 vocalem
983 4388 1155 4482 pleniore
1184 4411 1277 4461 sono
1308 4390 1445 4478 efferri,
1476 4393 1519 4461 ut
1548 4391 1664 4462 etiam
1693 4391 1934 4466 semivocalis

272 4520 297 4615 j
323 4523 574 4613 pronuntiata
600 4522 789 4608 aridiatur,
820 4526 1013 4594 testantur
1041 4522 1158 4608 tituli,
1189 4523 1252 4615 qui
1281 4547 1350 4616 pro
1379 4543 1390 4592 ι
1420 4527 1580 4596 exarant
1599 4525 1636 4617 ι).
1691 4524 1749 4595 Ad
1768 4527 1934 4600 eandem

282 4676 363 4727 rem
379 4654 580 4727 referenda
594 4659 683 4726 sunt
698 4656 791 4729 haec
806 4657 980 4750 exempla
994 4656 1255 4750 productionis
1271 4657 1411 4729 vocalis
1426 4676 1447 4742 ι,
1464 4680 1560 4751 quae
1576 4657 1729 4730 exhibet
1744 4658 1934 4734 Hesiodus

394 4856 404 4892 ¹
429 4861 525 4919 Oeteri
549 4861 605 4919 loci
630 4881 729 4921 omnes
753 4863 872 4939 longam
896 4867 1017 4921 servant
1041 4864 1171 4921 vocalem
1195 4867 1226 4921 66
1249 4863 1278 4920 iu
1303 4863 1393 4921 thesi:
1420 4853 1484 4919 ἴσον
1500 4865 1556 4923 Th.
1576 4864 1648 4930 126,
1668 4865 1741 4931 524,
1761 4862 1834 4933 721,
1856 4865 1932 4937 896,

282 4967 337 5043 Op.
375 4968 447 5038 327,
485 4957 543 5022 ἶσοι
566 4968 622 5044 Op.
648 4971 721 5039 536,
746 4959 786 5024 ἴτ’
811 4969 865 5045 Op.
892 4972 965 5039 352,
991 4959 1158 5050 ἰσοφαρίζοι
1181 4969 1235 5046 Op.
1262 4970 1336 5042 490,
1362 4959 1505 5026 ἰσοῦσθαι
1529 4970 1584 5050 Op.
1610 4973 1684 5047 662,
1708 4960 1861 5029 ἰσώσαντο
1884 4973 1932 5039 Sc.

284 5075 366 5148 2633
391 5074 420 5132 iu
444 5075 518 5134 arsi:
543 5064 608 5131 ἴσον
632 5076 687 5133 Th.
712 5077 786 5149 638,
811 5075 866 5155 Op.
893 5076 966 5137 707.
