4464 6082
145 213 194 291 24
683 241 745 296 66.
766 241 899 296 Paulson:
918 239 1018 297 6666
1036 231 1182 296 sesima.
1219 241 1240 295 1.

143 427 209 501 sed
251 428 307 501 ita
339 429 483 514 tamen,
512 425 650 499 6616.
686 426 872 520 imprimis
900 425 1030 500 faveat
1058 426 1281 520 dactylicae,
1310 424 1366 498 86.
1397 427 1438 497 66
1465 422 1533 518 Op.
1562 423 1811 496 trochaicam

144 561 263 656 magis
292 561 550 654 frequentent.

250 694 457 768 Secundam
488 694 617 767 sedem
646 695 784 768 ceteris
812 695 937 767 minus
965 694 1201 767 tenaciorem
1231 715 1312 772 esse
1341 693 1482 788 dactyli
1503 693 1664 766 vidimus
1683 712 1810 786 supra

147 853 231 924 pag.
263 829 298 902 6.
354 829 555 922 Dactylum
584 832 714 901 servat
742 829 878 902 millies
905 829 1111 902 trecenties
1140 827 1364 921 quadragies
1384 828 1582 921 quinquies
1601 826 1684 914 (Τ6.
1707 826 1807 914 612,

144 935 201 1043 86
233 963 322 1052 361,
352 963 418 1056 Op.
455 962 559 1051 432).
616 962 670 1035 Ex
698 961 888 1035 incidendi
916 962 1117 1056 generibus
1146 961 1259 1056 louge
1286 961 1635 1054 frequentissimum
1663 959 1807 1049 estid,

145 1098 248 1190 quod
275 1096 402 1170 thesin
436 1096 596 1189 excipit3
640 1097 741 1189 quod
783 1096 921 1169 alterni
950 1097 1030 1169 lem
1058 1096 1167 1167 huius
1194 1095 1294 1168 sedis
1322 1095 1464 1189 dactyli
1493 1095 1691 1169 exhibent:
1728 1093 1806 1168 Th.

144 1232 184 1304 in
214 1230 288 1309 297
319 1230 493 1324 dactylis,
521 1227 577 1302 Sc.
607 1231 646 1301 in
679 1230 767 1318 164,
803 1229 870 1324 Op.
900 1230 938 1321 iq
969 1230 1045 1302 260
1074 1270 1116 1295 =
1146 1229 1235 1302 661.
1292 1228 1366 1302 Sed
1394 1251 1440 1302 ex
1468 1229 1527 1302 his
1554 1229 1807 1302 incisionibus

145 1366 185 1437 iu
213 1364 280 1436 Τ6.
314 1365 357 1437 71
391 1404 432 1429 =
464 1363 565 1452 239,
595 1364 635 1438 16
663 1362 719 1437 86.
752 1364 798 1436 36
830 1404 871 1429 =
902 1363 1006 1452 23,4,
1034 1364 1073 1437 16
1102 1363 1170 1458 Op.
1202 1363 1250 1436 56
1280 1404 1321 1428 =
1350 1362 1536 1452 29,0vim
1556 1386 1663 1435 suam
1682 1363 1807 1436 variis

146 1491 267 1572 causis
309 1483 515 1570 infirmant.
572 1497 681 1571 Unde
717 1499 890 1591 sequitur
918 1502 962 1570 ut
990 1520 1010 1569 e
1040 1498 1200 1592 dactylis
1229 1497 1325 1569 hanc
1353 1497 1482 1570 sedem
1511 1497 1731 1570 tenentibus
1759 1497 1804 1569 in

146 1631 214 1705 Τ6.
257 1632 424 1706 mascula
465 1653 620 1705 caesura
661 1635 820 1703 utantur
863 1632 937 1704 226
978 1671 1019 1696 =
1055 1631 1157 1720 366,
1192 1632 1230 1703 16
1264 1631 1320 1705 Sc.
1355 1631 1427 1704 118
1458 1672 1498 1698 =
1530 1631 1632 1720 3162,
1662 1631 1701 1703 16
1730 1630 1803 1726 Op.

152 1766 222 1842 142
255 1807 296 1831 =
327 1767 414 1854 32,9
437 1761 461 1837 ¹.
1640 1855 1642 1859 .

253 1900 390 1973 Iucisio
419 1903 508 1994 post
535 1900 741 1974 secuudum
769 1899 992 1974 trochaeum
1021 1899 1133 1994 louge
1161 1902 1284 1972 rarior
1313 1903 1392 1988 est;
1426 1904 1469 1972 ut
1497 1900 1713 1994 frequentia
1740 1922 1804 1972 su-

148 2037 259 2129 perat
301 2056 397 2121 eam,
437 2056 532 2127 quae
562 2037 739 2128 quartum
767 2034 989 2106 trochaeum
1018 2034 1170 2128 excipit,
1200 2034 1255 2107 ita
1283 2034 1421 2107 ceteris
1449 2033 1650 2106 trochaicis
1678 2033 1806 2105 rarior

149 2171 219 2242 est.
274 2143 409 2241 1666666
451 2168 552 2240 66116
588 2167 784 2241 ducenties
812 2169 981 2261 octogies
1009 2167 1137 2240 semel.
1194 2168 1422 2240 Ecentenis
1450 2166 1560 2239 66166
1587 2167 1687 2240 66616
1715 2167 1803 2240 666-

149 2302 240 2397 tylis
269 2302 391 2375 viceni
418 2301 556 2396 singuli
593 2302 672 2375 fere
714 2301 936 2374 incisionem
970 2302 1067 2374 hanc
1095 2302 1306 2373 admittunt
1334 2301 1387 2388 (16
1418 2301 1485 2373 Τ6.
1521 2302 1591 2372 127
1623 2341 1664 2366 =
1695 2300 1801 2389 20,0‚

149 2436 188 2508 in
217 2434 275 2514 Sc.
305 2434 352 2508 55
383 2475 424 2500 =
459 2435 560 2523 18‚3,
589 2437 627 2509 16
656 2435 723 2530 Op.
756 2434 802 2507 96
825 2475 865 2500 =
888 2435 1005 2525 22,9).
1062 2434 1134 2508 Sed
1157 2457 1202 2508 ex
1217 2436 1263 2507 iis
1278 2436 1534 2529 septuaginta,
1549 2436 1573 2506 1.
1591 2456 1623 2508 e.
1645 2437 1806 2528 quartus

150 2569 309 2663 quisque
335 2568 508 2663 dactylus
543 2569 693 2655 incisus,
722 2569 791 2642 hac
823 2569 936 2642 illave
964 2592 1076 2643 causa
1104 2569 1326 2649 incisionem
1356 2569 1537 2664 frangunt
1564 2569 1648 2657 (Τ6.
1680 2568 1729 2642 33
1760 2609 1804 2634 =

68 2792 72 2801 Ι
151 2702 253 2791 266,
283 2702 339 2776 86.
374 2703 422 2777 16
450 2743 490 2768 --
523 2702 625 2790 23,6,
655 2701 721 2796 Op.
754 2703 801 2777 24
833 2745 874 2769 =
905 2703 1022 2792 242).
1079 2703 1273 2776 Accedunt
1300 2707 1379 2776 tres
1408 2725 1549 2791 versus,
1580 2703 1643 2796 qui
1678 2703 1805 2776 incisi-

150 2837 233 2909 onis
276 2838 353 2913 vim
394 2837 548 2924 tollunt,
592 2838 799 2930 praemissa
840 2837 1106 2910 semiternaria
1137 2861 1216 2937 666
1244 2838 1463 2909 imminuta:
1494 2837 1560 2910 Τ6.
1596 2837 1681 2924 134,
1712 2838 1806 2928 631,

152 2971 226 3043 666
246 2965 272 3044 ².
330 2970 424 3042 Tum
453 2974 603 3044 restant
631 2971 794 3044 ducenta
822 2974 908 3045 6666
936 2971 1046 3044 66166
1074 2971 1266 3044 1661616616
1295 2959 1493 3065 exempla>
1510 2973 1573 3065 qui
1601 2972 1656 3044 ita
1676 2971 1806 3043 distri-

132 3101 320 3177 'buuntur
347 3105 387 3178 in
415 3106 596 3193 carmina,
624 3109 667 3176 ut
696 3104 762 3179 Th.
793 3106 955 3200 accipiat
982 3106 1192 3200 nonaginta
1215 3129 1344 3193 unum,
1365 3104 1421 3178 Sc.
1444 3106 1696 3200 quadraginta
1714 3105 1807 3193 666,

83 3278 87 3286 -
152 3235 220 3332 Op.
248 3239 494 3332 septuaginta
522 3239 702 3332 quinque;
733 3260 779 3311 ex
807 3240 916 3311 huius
944 3241 1043 3312 sedis
1071 3239 1232 3333 dactylis
1260 3240 1377 3334 igitur
1405 3239 1509 3333 66161
1538 3240 1626 3312 6661
1654 3240 1694 3311 16
1732 3238 1805 3314 Τ6.

152 3371 303 3461 (146),
331 3374 507 3466 quaterni
536 3372 624 3446 deni
652 3374 691 3447 iu
719 3371 775 3445 Sc.
805 3372 939 3462 (ll,0),
968 3373 1118 3466 septeni
1146 3372 1234 3445 deni
1262 3373 1301 3444 iu
1330 3371 1397 3467 Op.
1427 3372 1808 3462 (1661666666

153 3506 346 3579 trochaica
373 3528 529 3580 caesura
557 3507 799 3580 distinentur.
1728 3521 1732 3528 ·

260 3639 397 3716 Rarior
426 3640 543 3716 etiam
572 3644 631 3714 est
659 3641 838 3714 diaeresis
857 3643 945 3734 post
963 3641 1168 3714 secundum
1188 3640 1400 3736 dactylum;
1432 3664 1528 3734 quae
1547 3641 1657 3714 nobis
1675 3664 1806 3715 occur·

152 3774 206 3850 rit
246 3775 285 3848 in
328 3774 398 3852 Τ6.
439 3776 607 3869 octogies
639 3775 771 3864 sexies,
801 3774 841 3846 in
869 3774 925 3846 Sc.
955 3775 1179 3869 quadragies
1206 3775 1339 3860 sexies,
1368 3776 1407 3847 in
1437 3774 1503 3869 Op.
1534 3776 1808 3870 undesexagies

154 3907 212 3996 (=
246 3908 348 3996 161).
404 3907 476 3981 Sed
519 3913 562 3996 ut
597 3909 734 3982 ceteris
762 3907 872 3980 huius
900 3908 1005 4001 pedis
1033 3908 1277 3982 incisionibus
1305 3909 1427 3980 rarius
1454 3909 1563 3982 nobis
1592 3909 1705 3983 obvia
1732 3914 1805 3999 est,

153 4043 210 4116 ita
237 4066 308 4136 pro
336 4041 597 4136 exemplorum
625 4064 784 4117 numero
813 4043 1215 4136 saepiusubscuracur.
1272 4041 1360 4114 Non
1380 4043 1480 4115 enim
1501 4043 1663 4115 multum
1684 4043 1805 4131 abest,
1860 4117 1866 4123 ,

155 4177 245 4270 6616
273 4178 391 4250 tertia
418 4199 588 4270 quaeque
618 4176 796 4250 diaeresis
825 4176 1090 4264 imminuatur;
1121 4177 1220 4270 quod
1251 4175 1360 4248 6616
1389 4175 1456 4248 Τ6.
1478 4177 1742 4266 666666616166,
1763 4178 1805 4251 16

270 4350 279 4387 ¹
303 4356 334 4414 Si
357 4356 387 4414 in
412 4357 662 4432 comparationem
686 4375 826 4415 vocamus
850 4375 894 4429 ea,
919 4375 996 4432 quae
1020 4355 1055 4414 de
1079 4355 1166 4431 primi
1190 4355 1300 4431 dactyli
1324 4355 1514 4416 incisionibus
1538 4376 1628 4434 supra
1652 4357 1807 4416 annotavi-

155 4469 231 4532 mus,
256 4466 381 4539 apparet
404 4482 506 4522 earum
530 4483 588 4523 non
612 4483 683 4532 esse,
708 4483 784 4539 quae
809 4468 868 4522 tarn
886 4463 971 4521 firma
987 4462 1125 4521 videatur
1140 4481 1201 4521 esse
1219 4482 1309 4538 quam
1325 4463 1528 4522 semitemaria
1544 4464 1664 4524 secundi
1681 4463 1805 4539 dactyli.

265 4564 278 4605 ⁸
302 4570 371 4633 6616
406 4590 459 4651 per
493 4590 523 4630 66
558 4571 716 4630 obscurata
751 4575 797 4630 est
830 4571 959 4629 secunda
989 4569 1139 4628 trochaica
1162 4587 1284 4628 caesura
1308 4569 1338 4627 16
1361 4571 1406 4630 616
1430 4571 1573 4642 versibus
1598 4591 1692 4647 quum
1715 4571 1746 4631 in
1770 4591 1807 4631 es

156 4677 270 4754 positus
293 4677 333 4736 sit
356 4677 500 4737 articulus
524 4676 573 4734 τότ
599 4673 631 4734 τὸ
654 4675 752 4754 πάρος
776 4679 849 4748 394,
875 4671 1103 4752 6661661666)
1129 4675 1201 4751 531,
1228 4678 1301 4735 666.

263 4784 380 4843 Scilicet
414 4785 501 4860 longe
536 4785 653 4861 saepius
685 4760 889 4860 praemittitur
923 4783 1024 4842 incisio
1059 4787 1127 4859 post
1149 4783 1245 4842 thesin
1269 4784 1305 4853 ei,
1330 4805 1406 4860 quae
1429 4787 1602 4845 trochaeum
1626 4785 1751 4861 excipit:
1777 4785 1808 4846 in

157 4890 211 4950 Th.
236 4891 334 4950 tricies
358 4892 456 4961 semel,
482 4891 512 4949 in
536 4891 581 4951 Sc.
607 4896 724 4967 quater,
748 4892 777 4950 in
802 4890 857 4967 Op.
883 4890 1088 4960 duodetricieS,
1109 4890 1246 4949 omnibus
1262 4892 1402 4968 exemplis
1423 4894 1562 4952 collectis.
1609 4892 1667 4951 Sed
1682 4893 1807 4969 ubique,

157 5000 285 5077 exceptis
309 4999 405 5058 tribus
429 5019 444 5057 6
469 4999 524 5059 Τ6.
549 5000 646 5058 allatis
670 4999 813 5068 versibus,
839 5002 893 5056 aut
916 4999 1062 5057 alterutra
1085 5000 1139 5056 aut
1162 4997 1266 5058 ambae
1289 5000 1466 5059 obscuratae
1489 5005 1569 5060 sunt.
