4464 6082
338 270 387 343 8ss
884 300 946 354 ron.
967 278 1217 366 naumachia
1237 300 1380 356 narona.
1417 301 1438 355 1.

443 484 627 558 Exstante
670 489 798 558 autem
828 507 995 573 caesura,
1026 489 1068 557 ut
1096 487 1248 574 assolet,
1278 487 1315 558 in
1345 487 1462 559 tertio
1493 486 1601 580 pede,
1631 487 1755 559 minus
1784 486 2005 559 observan-

336 623 401 690 tur
442 642 619 693 caesurae
655 620 843 692 masculae
885 621 1037 728 secundi
1072 623 1111 692 et
1140 622 1266 714 quarti
1295 621 1446 714 pedum,
1476 623 1519 692 ut
1547 620 1691 694 artiore
1719 621 1878 694 vinculo
1908 644 2003 695 con·

337 753 487 826 iunctae
516 754 723 826 efferantur
753 754 891 827 vocalis
920 754 1042 826 finalis
1072 757 1112 827 et
1139 777 1327 827 consonae
1357 755 1522 826 initiales
1542 750 1566 826 1.

444 886 546 959 Haec
588 911 703 980 quum
746 888 949 960 videantur
989 890 1082 960 satis
1124 889 1226 960 clara
1254 910 1346 973 esse,
1376 890 1496 981 magis
1525 888 1664 959 mirum
1693 888 1861 976 videtur,
1892 889 2002 982 quod

337 1021 454 1094 etiam
483 1022 521 1092 in
551 1022 685 1114 quinta
712 1021 812 1094 thesi
840 1022 1044 1094 admodum
1073 1046 1161 1094 rara
1188 1026 1277 1095 sunt
1301 1022 1410 1094 huius
1430 1022 1692 1115 productionis
1712 1023 1901 1116 exempla.
1954 1023 2000 1096 Id

336 1158 466 1227 tamen
509 1177 584 1226 non
628 1158 779 1226 tantum
822 1156 989 1249 pendere
1018 1179 1038 1229 e
1067 1179 1222 1230 caesura
1251 1156 1422 1228 vocalem
1450 1180 1473 1227 a
1501 1156 1677 1229 consonis
1705 1156 1901 1230 diducenti
1934 1158 2000 1231 vel

337 1289 423 1361 inde
453 1290 588 1375 elucet,
619 1290 718 1383 quod
747 1291 1053 1363 serninovenaria
1082 1314 1159 1361 uon
1188 1289 1289 1362 inter
1318 1289 1505 1363 firmiores
1534 1312 1663 1362 versus
1692 1291 1896 1364 incisiones
1926 1291 1999 1364 ha·

337 1417 481 1496 uecur2
522 1423 588 1496 sed
625 1423 747 1524 altera
789 1445 901 1497 causa
928 1424 1016 1496 inde
1045 1424 1211 1518 petenda
1240 1426 1308 1511 est,
1340 1422 1440 1516 quod
1468 1423 1561 1496 haec
1590 1423 1721 1497 incisio
1749 1447 1826 1496 non
1856 1425 1998 1498 admo-

337 1556 426 1627 dum
456 1556 721 1649 frequentatur
738 1552 765 1629 3.

444 1689 579 1762 Hartel
606 1689 635 1778 Ι,
665 1714 749 1784 pag.
782 1691 871 1778 445,
901 1714 945 1764 ex
976 1713 1021 1764 ea
1049 1713 1101 1779 re,
1132 1691 1232 1784 quod
1260 1695 1341 1763 tam
1362 1714 1448 1762 raro
1469 1691 1617 1764 invenit
1637 1693 1998 1785 interpunctionem

336 1824 375 1895 in
403 1824 521 1896 tertia
562 1825 755 1897 trochaica
795 1847 951 1898 caesura
978 1826 1259 1919 correptionem
1290 1826 1447 1899 alterius
1475 1825 1626 1918 generis
1655 1825 1870 1912 exhibente,
1901 1849 1996 1899 con-

340 1957 458 2030 cludit
486 1961 641 2050 poetam
670 1958 716 2031 de
737 1959 924 2031 industria
951 1961 1114 2033 evitasse
1134 1959 1495 2053 interpunctionem,
1516 1982 1564 2032 ne
1584 1958 1767 2032 difficilius
1786 1963 1891 2033 esset
1909 1982 1995 2034 cor·

336 2091 461 2185 ripere
490 2092 673 2179 vocalem,
703 2093 906 2166 accedente
934 2093 1089 2186 spiritus
1118 2093 1410 2166 intermissione.
1466 2092 1545 2186 Ego
1565 2093 1901 2173 contrariomodo
1921 2118 1993 2166 nu-

336 2272 469 2347 exempla
493 2272 638 2330 exhibere.
686 2273 729 2330 ae
753 2292 823 2331 vera
854 2305 899 2341 -‚
924 2272 1053 2331 seductis
1077 2271 1275 2349 Fragmentis,
1300 2290 1438 2348 quorum,
1463 2290 1558 2347 quum
1573 2291 1709 2331 caesuras
1726 2273 1928 2345 recensebam,
1945 2293 1994 2332 ra·

335 2379 446 2437 tionem
470 2398 528 2438 non
551 2379 707 2448 habebam,
738 2412 769 2422 -
798 2379 996 2453 octogesimus
1020 2381 1166 2438 secundus
1190 2377 1315 2455 quisque
1339 2397 1442 2438 versus
1465 2379 1674 2456 semiquinaria
1698 2380 1809 2455 dactyli
1833 2373 1994 2456 praeditus

336 2484 415 2556 (vide
450 2486 625 2545 incisionum
649 2488 773 2546 tabellas
797 2507 865 2563 pag.
896 2486 946 2558 14)
971 2507 1005 2546 eo
1028 2488 1094 2545 loco
1117 2487 1205 2545 huius
1228 2485 1344 2563 generis
1368 2487 1592 2562 productionem
1617 2487 1744 2557 exhibet,
1769 2507 1785 2545 e
1810 2486 1884 2559 374,
1912 2508 1993 2564 quae

336 2597 462 2661 exstant,
498 2594 724 2670 semiquinariae
759 2595 935 2670 spondaicae
961 2594 1109 2671 exernplis
1135 2614 1229 2652 unum
1252 2597 1381 2653 tantum.
1429 2593 1483 2651 Sed
1510 2594 1626 2651 numeri
1650 2594 1777 2652 minores
1801 2599 1873 2653 sunt
1896 2615 1991 2672 quam

335 2704 371 2758 ut
394 2701 465 2760 certi
490 2701 654 2777 quidquam
678 2721 712 2759 ex
736 2702 770 2761 iis
795 2703 969 2761 concludere
993 2702 1089 2760 liceat.

448 2803 458 2840 ¹
482 2808 736 2878 Quemadmodum
771 2808 981 2883 semiquinaria
1015 2808 1137 2883 spondei
1171 2808 1283 2867 firmior
1310 2807 1395 2869 nobis
1419 2808 1482 2865 visa
1505 2812 1551 2866 est
1573 2827 1663 2884 quam
1687 2808 1897 2883 semiquinaria
1922 2810 1991 2869 dac·

335 2915 391 2991 tyli
419 2951 453 2958 -
481 2917 582 2975 confer
606 2936 634 2973 n.
660 2917 792 2974 anteced.
822 2951 869 2986 —‚
895 2916 936 2973 ita
960 2916 1049 2973 etiarn
1065 2915 1336 2991 semiseptenariam
1352 2917 1474 2991 spondei
1490 2915 1649 2974 firmiorem
1665 2934 1726 2974 esse
1743 2935 1833 2991 quam
1849 2917 1990 2992 semisep-

336 3023 480 3080 tenariam
515 3023 626 3097 dactyli
661 3023 830 3081 statuimus.
878 3022 985 3081 Confer
1020 3023 1145 3080 tabellas
1179 3042 1248 3098 pag.
1275 3022 1315 3080 41
1341 3029 1370 3081 et
1393 3043 1463 3099 pag.
1488 3025 1540 3091 49,
1566 3043 1594 3080 n.
1623 3023 1650 3081 1.
1699 3023 1779 3081 ldem
1802 3023 1990 3099 producendi

335 3130 412 3187 ratio
447 3130 489 3187 ita
523 3133 661 3189 testatur.
698 3133 733 3187 ut
762 3129 906 3188 infirmior
940 3129 1180 3205 semiseptenaria
1215 3129 1325 3204 dactyli
1360 3130 1390 3187 iu
1415 3130 1455 3188 62
1480 3129 1624 3199 versibus,
1649 3130 1668 3189 i.
1693 3149 1718 3188 e.
1743 3130 1771 3187 in
1795 3128 1900 3188 Xlllto
1926 3131 1989 3190 fere

336 3256 455 3312 quoque
478 3236 680 3312 productionis
704 3238 869 3312 exemplum
894 3238 1029 3313 accipiat.
1065 3236 1174 3296 Confer
1197 3256 1265 3312 pag.
1294 3236 1343 3296 14.
1390 3237 1539 3295 Montione
1574 3238 1697 3314 dignum
1721 3243 1776 3305 est,
1799 3256 1816 3294 e
1839 3237 1989 3308 versibus,

336 3343 388 3419 qui
428 3344 509 3402 tertii
551 3344 633 3419 pedis
667 3363 820 3402 caesuram
855 3344 1026 3402 omittentes
1060 3342 1216 3420 principali
1250 3362 1371 3402 caesura
1406 3348 1536 3402 utuntur
1570 3343 1819 3420 semiseptenaria,
1856 3363 1988 3420 quoram

335 3468 475 3508 versuum
511 3469 651 3508 numerus
686 3456 730 3508 est
766 3450 806 3506 47
843 3449 924 3526 (pag.
960 3453 1017 3520 44;
1050 3450 1098 3508 rr.
1135 3470 1194 3509 non
1228 3451 1323 3509 habeo
1358 3448 1525 3520 rationem),
1551 3452 1667 3509 nullum
1690 3451 1721 3509 in
1743 3449 1990 3527 semiseptenaria

335 3557 498 3632 producere
533 3557 653 3615 brevem
688 3559 820 3616 vocalem
855 3557 972 3615 finalem
996 3561 1064 3615 ante
1088 3557 1204 3616 iunctas
1227 3557 1354 3616 initiales
1378 3561 1492 3616 mutam
1517 3563 1547 3616 et
1569 3558 1723 3634 liquidam,
1749 3577 1843 3632 quum
1866 3559 1989 3617 omnino

336 3666 444 3738 quarto
468 3664 581 3723 decimo
615 3665 676 3722 lere
707 3683 826 3739 quoque
849 3666 914 3722 loco
944 3665 1015 3723 haec
1039 3665 1128 3722 thesis
1152 3664 1245 3722 ineisa
1268 3665 1471 3740 productionis
1494 3667 1661 3741 exemplum
1685 3665 1830 3724 exhibeat.
1878 3666 1921 3724 At
1945 3686 1989 3724 se·

335 3770 516 3841 miteruaria,
541 3771 589 3830 cui
613 3772 746 3846 neglecta
770 3771 852 3829 tertii
877 3771 958 3846 pedis
974 3789 1097 3829 caesura
1112 3771 1254 3830 maiorem
1270 3771 1328 3829 vim
1347 3772 1516 3842 tribuimus
1534 3773 1593 3830 duo
1621 3772 1754 3847 exempla
1778 3771 1904 3847 praebet
1928 3772 1988 3830 Th.

338 3876 388 3948 17,
417 3877 488 3936 136.
536 3878 617 3936 Solet
640 3878 703 3936 eius
727 3878 805 3936 modi
830 3879 963 3953 exerrrpla
986 3878 1016 3935 in
1040 3896 1117 3936 nono
1141 3879 1253 3937 decimo
1278 3878 1338 3936 fere
1363 3898 1481 3954 qnoque
1506 3899 1593 3938 versu
1617 3871 1735 3955 ponere.

445 3978 458 4015 ²
483 3985 556 4042 Vide
580 3984 704 4043 tabellas
727 4004 797 4061 pag.
822 3985 873 4043 41.
920 3984 1058 4044 Fortasse
1087 3989 1186 4043 tamen
1210 3986 1322 4043 firmior
1346 3989 1391 4044 est
1413 3988 1485 4045 haec
1509 4005 1631 4045 caesura
1655 4006 1745 4062 quam
1768 4005 1823 4062 pro
1847 3967 1987 4061 frequen-

335 4091 378 4149 tia
412 4111 476 4150 sua.
523 4091 668 4150 Credibile
704 4097 748 4150 est
782 4092 1031 4151 senrinovcnariae
1067 4093 1125 4151 vim
1160 4112 1218 4151 non
1249 4096 1316 4150 tam'
1335 4112 1425 4167 quani
1449 4093 1719 4168 serniseptenariam
1743 4093 1879 4150 imminui
1904 4095 1989 4153 tertii

335 4197 417 4274 pedis
440 4217 572 4269 caesura,
597 4218 691 4275 quum
714 4199 751 4256 ab
775 4198 826 4256 illa
849 4199 916 4257 sede
937 4199 1054 4274 longius
1082 4199 1169 4258 absit.
1216 4199 1274 4258 Ubi
1302 4199 1419 4274 integra
1446 4219 1541 4274 neque
1569 4200 1721 4258 deminuta
1748 4200 1989 4260 seminoveuaria

335 4310 441 4373 exstat,
476 4306 557 4364 haud
591 4307 680 4365 dubie
719 4324 805 4381 saepe
836 4306 994 4364 admodum
1018 4307 1103 4364 firma
1127 4310 1179 4375 est,
1205 4326 1297 4381 quum
1322 4306 1481 4381 praecipua
1504 4309 1570 4365 tum
1594 4307 1646 4364 liat
1668 4306 1769 4366 incisio
1792 4306 1856 4366 eius
1880 4326 1987 4367 versus

334 4411 439 4486 partis,
463 4432 539 4487 (quae
563 4433 580 4470 a
604 4415 729 4488 (quartae
752 4413 828 4472 sedis
852 4432 974 4471 caesura
998 4413 1140 4488 primaria
1164 4413 1276 4489 incipit.
1874 4420 1877 4426 '

444 4512 457 4549 ³
482 4519 660 4577 lucisionurn
684 4520 868 4596 integrarum
892 4520 1007 4578 ratione
1031 4520 1142 4590 habita,
1168 4520 1282 4578 omissis
1306 4520 1501 4595 Fraginentis,
1527 4525 1652 4595 apparet

571 4625 600 4683 in
624 4626 654 4684 ΙΙ
692 4627 767 4685 thesi
791 4626 919 4684 XlX:am
1045 4645 1194 4702 quamque
1218 4626 1387 4685 incisionem
1411 4626 1543 4702 accipere
1566 4627 1808 4702 productionem;

581 4779 592 4799 ,
622 4733 669 4791 Ill
728 4778 740 4805 „
790 4733 1016 4791 cxxxV11:a1n
1113 4779 1124 4803 ,

580 4884 591 4910 ,
623 4839 665 4897 IV
729 4885 740 4910 ,
790 4840 920 4899 lezam

580 4992 592 5018 ,,
623 4946 650 5003 V
728 4992 740 5017 ,
788 4947 904 5005 XX2am

335 5054 380 5115 De
403 5052 499 5131 prima
522 5057 657 5113 etsexta
680 5054 813 5113 thesibus
837 5055 902 5113 vide
926 5075 995 5130 pag.
1019 5055 1151 5115 urrteced.
