<?xml version="1.0" encoding="UTF-8"?>
<!DOCTYPE html PUBLIC "-//W3C//DTD XHTML 1.0 Transitional//EN"
    "http://www.w3.org/TR/xhtml1/DTD/xhtml1-transitional.dtd">
<html xmlns="http://www.w3.org/1999/xhtml" xml:lang="en" lang="en">
 <head>
  <title>
</title>
<meta http-equiv="Content-Type" content="text/html;charset=utf-8" />
  <meta name='ocr-system' content='tesseract 3.04.00' />
  <meta name='ocr-capabilities' content='ocr_page ocr_carea ocr_par ocr_line ocrx_word'/>
</head>
<body>
  <div class='ocr_page' id='page_1' title='image "./studiahesiodeai00paulgoog_0133.png"; bbox 0 0 4464 6082; ppageno 0'>
   <div class='ocr_carea' id='block_1_1' title="bbox 352 253 1449 345">
    <p class='ocr_par' dir='ltr' id='par_1_1' title="bbox 352 253 1449 345">
     <span class='ocr_line' id='line_1_1' title="bbox 352 253 1449 345; baseline 0.002 -5"><span class='ocrx_word' id='word_1_1' title='bbox 352 253 423 334; x_wconf 73' lang='lat'>122</span> <span class='ocrx_word' id='word_1_2' title='bbox 515 263 519 269; x_wconf 40' lang='grc'><strong>’</strong></span> <span class='ocrx_word' id='word_1_3' title='bbox 893 282 955 345; x_wconf 82' lang='lat' dir='ltr'>Joh.</span> <span class='ocrx_word' id='word_1_4' title='bbox 976 282 1109 345; x_wconf 78' lang='lat' dir='ltr'><strong>Paulson:</strong></span> <span class='ocrx_word' id='word_1_5' title='bbox 1128 280 1228 344; x_wconf 82' lang='lat' dir='ltr'>Studia</span> <span class='ocrx_word' id='word_1_6' title='bbox 1247 283 1390 345; x_wconf 79' lang='lat' dir='ltr'>Hesiodea.</span> <span class='ocrx_word' id='word_1_7' title='bbox 1428 282 1449 342; x_wconf 93' lang='grc'>1.</span> 
     </span>
    </p>
   </div>
   <div class='ocr_carea' id='block_1_2' title="bbox 246 468 2048 2982">
    <p class='ocr_par' dir='ltr' id='par_1_2' title="bbox 454 468 1696 570">
     <span class='ocr_line' id='line_1_2' title="bbox 454 468 1696 570; baseline 0.001 -25"><span class='ocrx_word' id='word_1_8' title='bbox 454 468 673 560; x_wconf 71' lang='grc' dir='ltr'><strong>Ἀπόλλωνι,</strong></span> <span class='ocrx_word' id='word_1_9' title='bbox 703 496 729 546; x_wconf 87' lang='grc' dir='ltr'>α</span> <span class='ocrx_word' id='word_1_10' title='bbox 757 469 1314 570; x_wconf 75' lang='grc'><strong>6666166616,·’666161116611666</strong></span> <span class='ocrx_word' id='word_1_11' title='bbox 1343 476 1479 569; x_wconf 89' lang='lat' dir='ltr'>pedem</span> <span class='ocrx_word' id='word_1_12' title='bbox 1509 473 1576 546; x_wconf 78' lang='lat' dir='ltr'>Th.</span> <span class='ocrx_word' id='word_1_13' title='bbox 1608 473 1696 546; x_wconf 85' lang='grc'><strong>347.</strong></span> 
     </span>
    </p>

    <p class='ocr_par' dir='ltr' id='par_1_3' title="bbox 348 603 2010 840">
     <span class='ocr_line' id='line_1_3' title="bbox 452 603 2010 705; baseline -0.002 -25"><span class='ocrx_word' id='word_1_14' title='bbox 452 603 686 695; x_wconf 73' lang='grc' dir='ltr'><strong>Ἀπόλλωνα,</strong></span> <span class='ocrx_word' id='word_1_15' title='bbox 723 631 749 680; x_wconf 81' lang='grc' dir='ltr'>α</span> <span class='ocrx_word' id='word_1_16' title='bbox 783 611 982 705; x_wconf 82' lang='lat' dir='ltr'>producto,</span> <span class='ocrx_word' id='word_1_17' title='bbox 1020 611 1154 704; x_wconf 78' lang='lat' dir='ltr'>incipit</span> <span class='ocrx_word' id='word_1_18' title='bbox 1182 634 1205 681; x_wconf 91' lang='lat' dir='ltr'>a</span> <span class='ocrx_word' id='word_1_19' title='bbox 1232 609 1397 682; x_wconf 88' lang='lat' dir='ltr'>secunda</span> <span class='ocrx_word' id='word_1_20' title='bbox 1424 609 1522 681; x_wconf 85' lang='lat' dir='ltr'>thesi</span> <span class='ocrx_word' id='word_1_21' title='bbox 1552 608 1619 681; x_wconf 82' lang='lat' dir='ltr'>Th.</span> <span class='ocrx_word' id='word_1_22' title='bbox 1654 608 1713 698; x_wconf 91' lang='grc'>14,</span> <span class='ocrx_word' id='word_1_23' title='bbox 1746 608 1835 695; x_wconf 92' lang='grc'><strong>918,</strong></span> <span class='ocrx_word' id='word_1_24' title='bbox 1870 627 1898 676; x_wconf 86' lang='grc' dir='ltr'>α</span> <span class='ocrx_word' id='word_1_25' title='bbox 1927 629 2010 679; x_wconf 89' lang='lat' dir='ltr'>cor·</span> 
     </span>
     <span class='ocr_line' id='line_1_4' title="bbox 348 743 1555 840; baseline -0.003 -23"><span class='ocrx_word' id='word_1_26' title='bbox 348 750 473 840; x_wconf 86' lang='lat' dir='ltr'>repta,</span> <span class='ocrx_word' id='word_1_27' title='bbox 503 747 644 839; x_wconf 82' lang='lat' dir='ltr'>excipit</span> <span class='ocrx_word' id='word_1_28' title='bbox 672 746 837 839; x_wconf 89' lang='lat' dir='ltr'>primum</span> <span class='ocrx_word' id='word_1_29' title='bbox 867 745 1087 817; x_wconf 76' lang='lat' dir='ltr'>trochaeum</span> <span class='ocrx_word' id='word_1_30' title='bbox 1118 744 1185 837; x_wconf 89' lang='lat' dir='ltr'>Op.</span> <span class='ocrx_word' id='word_1_31' title='bbox 1218 746 1305 831; x_wconf 82' lang='lat'><strong>771,</strong></span> <span class='ocrx_word' id='word_1_32' title='bbox 1335 743 1394 815; x_wconf 83' lang='lat' dir='ltr'>Fr.</span> <span class='ocrx_word' id='word_1_33' title='bbox 1426 743 1555 829; x_wconf 73' lang='grc'><strong>2443.</strong></span> 
     </span>
    </p>

    <p class='ocr_par' dir='ltr' id='par_1_4' title="bbox 349 875 2011 1107">
     <span class='ocr_line' id='line_1_5' title="bbox 454 875 2011 971; baseline -0.004 -19"><span class='ocrx_word' id='word_1_34' title='bbox 454 879 724 952; x_wconf 89' lang='lat' dir='ltr'>Nominativus</span> <span class='ocrx_word' id='word_1_35' title='bbox 766 901 872 951; x_wconf 89' lang='lat' dir='ltr'>casus</span> <span class='ocrx_word' id='word_1_36' title='bbox 902 879 1038 971; x_wconf 92' lang='lat' dir='ltr'>ubique</span> <span class='ocrx_word' id='word_1_37' title='bbox 1068 883 1126 952; x_wconf 91' lang='grc'>661</span> <span class='ocrx_word' id='word_1_38' title='bbox 1153 878 1347 966; x_wconf 88' lang='lat' dir='ltr'>bacchius;</span> <span class='ocrx_word' id='word_1_39' title='bbox 1378 900 1528 949; x_wconf 87' lang='grc'><strong>6666666</strong></span> <span class='ocrx_word' id='word_1_40' title='bbox 1558 876 1700 950; x_wconf 78' lang='lat' dir='ltr'>claudit</span> <span class='ocrx_word' id='word_1_41' title='bbox 1728 875 1785 949; x_wconf 89' lang='grc'>86.</span> <span class='ocrx_word' id='word_1_42' title='bbox 1819 877 1885 964; x_wconf 82' lang='grc'><strong>68,</strong></span> <span class='ocrx_word' id='word_1_43' title='bbox 1918 876 2011 963; x_wconf 83' lang='grc'><strong>478,</strong></span> 
     </span>
     <span class='ocr_line' id='line_1_6' title="bbox 349 1007 1506 1107; baseline -0.001 -22"><span class='ocrx_word' id='word_1_44' title='bbox 349 1014 408 1088; x_wconf 86' lang='lat' dir='ltr'>Fr.</span> <span class='ocrx_word' id='word_1_45' title='bbox 443 1014 610 1102; x_wconf 78' lang='grc'><strong>142,1,5,</strong></span> <span class='ocrx_word' id='word_1_46' title='bbox 640 1014 804 1107; x_wconf 91' lang='lat' dir='ltr'>primum</span> <span class='ocrx_word' id='word_1_47' title='bbox 834 1014 1056 1086; x_wconf 82' lang='lat' dir='ltr'>trochaeum</span> <span class='ocrx_word' id='word_1_48' title='bbox 1086 1013 1226 1106; x_wconf 85' lang='lat' dir='ltr'>excipit</span> <span class='ocrx_word' id='word_1_49' title='bbox 1253 1012 1312 1083; x_wconf 91' lang='lat' dir='ltr'>Fr.</span> <span class='ocrx_word' id='word_1_50' title='bbox 1345 1012 1455 1099; x_wconf 90' lang='grc'><strong>213,1</strong></span> <span class='ocrx_word' id='word_1_51' title='bbox 1481 1007 1506 1084; x_wconf 87' lang='lat'>¹.</span> 
     </span>
    </p>

    <p class='ocr_par' dir='ltr' id='par_1_5' title="bbox 349 1139 2011 1375">
     <span class='ocr_line' id='line_1_7' title="bbox 450 1139 2011 1243; baseline -0.001 -27"><span class='ocrx_word' id='word_1_52' title='bbox 450 1139 585 1243; x_wconf 82' lang='grc' dir='ltr'>Ἄρης.</span> <span class='ocrx_word' id='word_1_53' title='bbox 642 1147 689 1218; x_wconf 81' lang='lat' dir='ltr'>Et</span> <span class='ocrx_word' id='word_1_54' title='bbox 730 1147 937 1241; x_wconf 86' lang='lat' dir='ltr'>hisyllabae</span> <span class='ocrx_word' id='word_1_55' title='bbox 980 1146 1121 1241; x_wconf 80' lang='lat' dir='ltr'>figurae</span> <span class='ocrx_word' id='word_1_56' title='bbox 1164 1150 1204 1219; x_wconf 87' lang='lat' dir='ltr'>et</span> <span class='ocrx_word' id='word_1_57' title='bbox 1237 1146 1459 1239; x_wconf 84' lang='lat' dir='ltr'>trisyllabae</span> <span class='ocrx_word' id='word_1_58' title='bbox 1487 1145 1598 1218; x_wconf 87' lang='lat' dir='ltr'>huius</span> <span class='ocrx_word' id='word_1_59' title='bbox 1626 1145 1803 1229; x_wconf 86' lang='lat' dir='ltr'>nominis,</span> <span class='ocrx_word' id='word_1_60' title='bbox 1833 1144 2011 1217; x_wconf 82' lang='lat' dir='ltr'>Homero</span> 
     </span>
     <span class='ocr_line' id='line_1_8' title="bbox 349 1280 1464 1375; baseline 0 -23"><span class='ocrx_word' id='word_1_61' title='bbox 349 1284 571 1374; x_wconf 89' lang='lat' dir='ltr'>praeeunte,</span> <span class='ocrx_word' id='word_1_62' title='bbox 602 1281 827 1375; x_wconf 85' lang='lat' dir='ltr'>productam</span> <span class='ocrx_word' id='word_1_63' title='bbox 855 1281 1027 1353; x_wconf 82' lang='lat' dir='ltr'>vocalem</span> <span class='ocrx_word' id='word_1_64' title='bbox 1057 1280 1147 1351; x_wconf 86' lang='lat' dir='ltr'>uin</span> <span class='ocrx_word' id='word_1_65' title='bbox 1176 1280 1275 1353; x_wconf 91' lang='lat' dir='ltr'>thesi</span> <span class='ocrx_word' id='word_1_66' title='bbox 1304 1284 1464 1374; x_wconf 91' lang='lat' dir='ltr'>ponunt.</span> 
     </span>
    </p>

    <p class='ocr_par' dir='ltr' id='par_1_6' title="bbox 331 1405 2011 2315">
     <span class='ocr_line' id='line_1_9' title="bbox 456 1405 2008 1509; baseline -0.001 -24"><span class='ocrx_word' id='word_1_67' title='bbox 456 1414 669 1509; x_wconf 89' lang='lat' dir='ltr'>Bisyllabae</span> <span class='ocrx_word' id='word_1_68' title='bbox 698 1415 843 1488; x_wconf 87' lang='lat' dir='ltr'>formae</span> <span class='ocrx_word' id='word_1_69' title='bbox 872 1415 931 1486; x_wconf 90' lang='lat' dir='ltr'>his</span> <span class='ocrx_word' id='word_1_70' title='bbox 959 1415 1049 1487; x_wconf 90' lang='lat' dir='ltr'>locis</span> <span class='ocrx_word' id='word_1_71' title='bbox 1078 1415 1309 1508; x_wconf 89' lang='lat' dir='ltr'>producunt:</span> <span class='ocrx_word' id='word_1_72' title='bbox 1335 1405 1459 1509; x_wconf 83' lang='grc' dir='ltr'>Ἄρης</span> <span class='ocrx_word' id='word_1_73' title='bbox 1479 1414 1518 1484; x_wconf 87' lang='grc'>16</span> <span class='ocrx_word' id='word_1_74' title='bbox 1538 1413 1612 1486; x_wconf 86' lang='grc'><strong>1166</strong></span> <span class='ocrx_word' id='word_1_75' title='bbox 1632 1435 1811 1486; x_wconf 89' lang='lat' dir='ltr'>versuum</span> <span class='ocrx_word' id='word_1_76' title='bbox 1832 1411 1892 1486; x_wconf 89' lang='grc'>86.</span> <span class='ocrx_word' id='word_1_77' title='bbox 1921 1412 2008 1491; x_wconf 87' lang='grc'><strong>192.</strong></span> 
     </span>
     <span class='ocr_line' id='line_1_10' title="bbox 350 1532 2010 1643; baseline -0.002 -23"><span class='ocrx_word' id='word_1_78' title='bbox 350 1549 441 1636; x_wconf 88' lang='grc'><strong>441,</strong></span> <span class='ocrx_word' id='word_1_79' title='bbox 466 1540 580 1643; x_wconf 82' lang='grc' dir='ltr'>Ἄρες</span> <span class='ocrx_word' id='word_1_80' title='bbox 609 1549 647 1619; x_wconf 89' lang='grc'>16</span> <span class='ocrx_word' id='word_1_81' title='bbox 677 1550 804 1621; x_wconf 89' lang='lat' dir='ltr'>fronte</span> <span class='ocrx_word' id='word_1_82' title='bbox 834 1572 964 1621; x_wconf 90' lang='grc'><strong>666666</strong></span> <span class='ocrx_word' id='word_1_83' title='bbox 992 1548 1047 1621; x_wconf 84' lang='grc'>86.</span> <span class='ocrx_word' id='word_1_84' title='bbox 1078 1532 1187 1620; x_wconf 76' lang='grc'>446.</span> <span class='ocrx_word' id='word_1_85' title='bbox 1224 1547 1254 1619; x_wconf 86' lang='grc' dir='ltr'><em>Ε</em></span> <span class='ocrx_word' id='word_1_86' title='bbox 1282 1547 1410 1640; x_wconf 86' lang='lat' dir='ltr'>figuris</span> <span class='ocrx_word' id='word_1_87' title='bbox 1434 1548 1552 1619; x_wconf 88' lang='lat' dir='ltr'>trium</span> <span class='ocrx_word' id='word_1_88' title='bbox 1572 1548 1803 1642; x_wconf 88' lang='lat' dir='ltr'>syllabarum</span> <span class='ocrx_word' id='word_1_89' title='bbox 1823 1547 2010 1620; x_wconf 87' lang='grc'><strong>1611666616</strong></span> 
     </span>
     <span class='ocr_line' id='line_1_11' title="bbox 350 1672 2011 1778; baseline -0.002 -25"><span class='ocrx_word' id='word_1_90' title='bbox 350 1682 471 1776; x_wconf 81' lang='lat' dir='ltr'>figura</span> <span class='ocrx_word' id='word_1_91' title='bbox 493 1674 631 1778; x_wconf 76' lang='grc' dir='ltr'>Ἄρεος</span> <span class='ocrx_word' id='word_1_92' title='bbox 660 1683 836 1775; x_wconf 89' lang='lat' dir='ltr'>producit</span> <span class='ocrx_word' id='word_1_93' title='bbox 864 1683 957 1754; x_wconf 85' lang='lat' dir='ltr'>uin</span> <span class='ocrx_word' id='word_1_94' title='bbox 986 1687 1124 1776; x_wconf 89' lang='lat' dir='ltr'>quarta</span> <span class='ocrx_word' id='word_1_95' title='bbox 1150 1683 1249 1754; x_wconf 88' lang='lat' dir='ltr'>thesi</span> <span class='ocrx_word' id='word_1_96' title='bbox 1278 1681 1334 1754; x_wconf 88' lang='grc'>86.</span> <span class='ocrx_word' id='word_1_97' title='bbox 1367 1681 1428 1768; x_wconf 89' lang='grc'>98,</span> <span class='ocrx_word' id='word_1_98' title='bbox 1459 1682 1573 1753; x_wconf 88' lang='lat' dir='ltr'>dandi</span> <span class='ocrx_word' id='word_1_99' title='bbox 1602 1704 1707 1754; x_wconf 88' lang='lat' dir='ltr'>casus</span> <span class='ocrx_word' id='word_1_100' title='bbox 1735 1682 1861 1753; x_wconf 84' lang='lat' dir='ltr'>forma</span> <span class='ocrx_word' id='word_1_101' title='bbox 1887 1672 2011 1776; x_wconf 84' lang='grc' dir='ltr'>Ἄρηϊ</span> 
     </span>
     <span class='ocr_line' id='line_1_12' title="bbox 351 1799 2007 1911; baseline 0.001 -25"><span class='ocrx_word' id='word_1_102' title='bbox 351 1817 390 1887; x_wconf 90' lang='grc'>16</span> <span class='ocrx_word' id='word_1_103' title='bbox 432 1817 564 1889; x_wconf 88' lang='lat' dir='ltr'>eadem</span> <span class='ocrx_word' id='word_1_104' title='bbox 606 1816 694 1888; x_wconf 87' lang='lat' dir='ltr'>sede</span> <span class='ocrx_word' id='word_1_105' title='bbox 737 1799 808 1888; x_wconf 81' lang='lat' dir='ltr'>Th.</span> <span class='ocrx_word' id='word_1_106' title='bbox 850 1817 937 1888; x_wconf 84' lang='grc'><strong>933.</strong></span> <span class='ocrx_word' id='word_1_107' title='bbox 995 1815 1213 1910; x_wconf 80' lang='lat' dir='ltr'>Corripiunt</span> <span class='ocrx_word' id='word_1_108' title='bbox 1255 1819 1384 1887; x_wconf 88' lang='lat' dir='ltr'>autem</span> <span class='ocrx_word' id='word_1_109' title='bbox 1427 1835 1453 1884; x_wconf 86' lang='grc' dir='ltr'>α</span> <span class='ocrx_word' id='word_1_110' title='bbox 1493 1816 1565 1888; x_wconf 87' lang='grc'><strong>1666</strong></span> <span class='ocrx_word' id='word_1_111' title='bbox 1593 1816 1758 1888; x_wconf 85' lang='lat' dir='ltr'>formae:</span> <span class='ocrx_word' id='word_1_112' title='bbox 1783 1806 1912 1911; x_wconf 82' lang='grc' dir='ltr'>Ἄρης</span> <span class='ocrx_word' id='word_1_113' title='bbox 1948 1814 2007 1887; x_wconf 92' lang='grc'>86.</span> 
     </span>
     <span class='ocr_line' id='line_1_13' title="bbox 331 1920 2007 2045; baseline -0.001 -23"><span class='ocrx_word' id='word_1_114' title='bbox 331 1920 441 2038; x_wconf 76' lang='grc'><strong>3411,</strong></span> <span class='ocrx_word' id='word_1_115' title='bbox 472 1951 560 2038; x_wconf 76' lang='grc'><strong>3611,</strong></span> <span class='ocrx_word' id='word_1_116' title='bbox 605 1972 700 2043; x_wconf 90' lang='lat' dir='ltr'>quae</span> <span class='ocrx_word' id='word_1_117' title='bbox 736 1952 877 2044; x_wconf 84' lang='lat' dir='ltr'>excipit</span> <span class='ocrx_word' id='word_1_118' title='bbox 910 1952 1069 2023; x_wconf 88' lang='lat' dir='ltr'>tertium</span> <span class='ocrx_word' id='word_1_119' title='bbox 1099 1950 1338 2037; x_wconf 81' lang='lat' dir='ltr'>trochaeum3</span> <span class='ocrx_word' id='word_1_120' title='bbox 1364 1942 1518 2045; x_wconf 75' lang='grc' dir='ltr'>Ἄρηος,</span> <span class='ocrx_word' id='word_1_121' title='bbox 1548 1971 1644 2042; x_wconf 90' lang='lat' dir='ltr'>quae</span> <span class='ocrx_word' id='word_1_122' title='bbox 1672 1950 1797 2022; x_wconf 87' lang='lat' dir='ltr'>forma</span> <span class='ocrx_word' id='word_1_123' title='bbox 1824 1947 1881 2022; x_wconf 88' lang='grc'>86.</span> <span class='ocrx_word' id='word_1_124' title='bbox 1919 1948 2007 2037; x_wconf 87' lang='grc'><strong>199,</strong></span> 
     </span>
     <span class='ocr_line' id='line_1_14' title="bbox 352 2082 2008 2177; baseline 0 -22"><span class='ocrx_word' id='word_1_125' title='bbox 352 2084 441 2172; x_wconf 86' lang='grc'><strong>434,</strong></span> <span class='ocrx_word' id='word_1_126' title='bbox 476 2083 552 2155; x_wconf 88' lang='grc'>444</span> <span class='ocrx_word' id='word_1_127' title='bbox 596 2085 797 2157; x_wconf 88' lang='grc'><strong>1616616666</strong></span> <span class='ocrx_word' id='word_1_128' title='bbox 839 2085 1040 2157; x_wconf 86' lang='lat' dir='ltr'>trochaeos</span> <span class='ocrx_word' id='word_1_129' title='bbox 1082 2084 1233 2177; x_wconf 85' lang='lat' dir='ltr'>excipit,</span> <span class='ocrx_word' id='word_1_130' title='bbox 1276 2083 1332 2157; x_wconf 92' lang='grc'>86.</span> <span class='ocrx_word' id='word_1_131' title='bbox 1371 2084 1457 2171; x_wconf 92' lang='grc'><strong>181,</strong></span> <span class='ocrx_word' id='word_1_132' title='bbox 1501 2083 1559 2156; x_wconf 80' lang='lat' dir='ltr'>rr.</span> <span class='ocrx_word' id='word_1_133' title='bbox 1593 2083 1693 2172; x_wconf 84' lang='grc'><strong>97,1,</strong></span> <span class='ocrx_word' id='word_1_134' title='bbox 1728 2083 1856 2170; x_wconf 89' lang='grc'><strong>122,2,</strong></span> <span class='ocrx_word' id='word_1_135' title='bbox 1891 2082 2008 2171; x_wconf 75' lang='grc'><strong>1361,4</strong></span> 
     </span>
     <span class='ocr_line' id='line_1_15' title="bbox 351 2210 2008 2315; baseline -0.001 -26"><span class='ocrx_word' id='word_1_136' title='bbox 351 2240 503 2290; x_wconf 84' lang='lat' dir='ltr'>versum</span> <span class='ocrx_word' id='word_1_137' title='bbox 545 2218 704 2305; x_wconf 88' lang='lat' dir='ltr'>claudit;</span> <span class='ocrx_word' id='word_1_138' title='bbox 735 2210 873 2315; x_wconf 74' lang='grc' dir='ltr'>Ἄρεος</span> <span class='ocrx_word' id='word_1_139' title='bbox 919 2218 975 2291; x_wconf 89' lang='grc'>86.</span> <span class='ocrx_word' id='word_1_140' title='bbox 1023 2219 1109 2306; x_wconf 90' lang='grc'><strong>191,</strong></span> <span class='ocrx_word' id='word_1_141' title='bbox 1153 2218 1229 2290; x_wconf 77' lang='lat' dir='ltr'>lac</span> <span class='ocrx_word' id='word_1_142' title='bbox 1267 2219 1429 2310; x_wconf 85' lang='lat' dir='ltr'>primam</span> <span class='ocrx_word' id='word_1_143' title='bbox 1473 2220 1513 2290; x_wconf 93' lang='grc'>61</span> <span class='ocrx_word' id='word_1_144' title='bbox 1563 2219 1720 2289; x_wconf 87' lang='lat' dir='ltr'>tertiam</span> <span class='ocrx_word' id='word_1_145' title='bbox 1770 2216 1900 2289; x_wconf 89' lang='lat' dir='ltr'>thesin</span> <span class='ocrx_word' id='word_1_146' title='bbox 1944 2240 2008 2289; x_wconf 81' lang='lat' dir='ltr'>ex-</span> 
     </span>
    </p>

    <p class='ocr_par' dir='ltr' id='par_1_7' title="bbox 246 2342 2008 2692">
     <span class='ocr_line' id='line_1_16' title="bbox 352 2342 2007 2448; baseline -0.002 -24"><span class='ocrx_word' id='word_1_147' title='bbox 352 2353 512 2445; x_wconf 90' lang='lat' dir='ltr'>cipieus;</span> <span class='ocrx_word' id='word_1_148' title='bbox 557 2343 674 2448; x_wconf 83' lang='grc' dir='ltr'>Ἄρηι</span> <span class='ocrx_word' id='word_1_149' title='bbox 722 2352 790 2425; x_wconf 83' lang='lat' dir='ltr'>Th.</span> <span class='ocrx_word' id='word_1_150' title='bbox 843 2352 918 2424; x_wconf 90' lang='grc'>933</span> <span class='ocrx_word' id='word_1_151' title='bbox 968 2374 1120 2425; x_wconf 85' lang='lat' dir='ltr'>versum</span> <span class='ocrx_word' id='word_1_152' title='bbox 1162 2351 1356 2438; x_wconf 86' lang='lat' dir='ltr'>claudens;</span> <span class='ocrx_word' id='word_1_153' title='bbox 1399 2342 1534 2447; x_wconf 83' lang='grc' dir='ltr'>Ἄρην,</span> <span class='ocrx_word' id='word_1_154' title='bbox 1577 2352 1736 2424; x_wconf 90' lang='lat' dir='ltr'>tertium</span> <span class='ocrx_word' id='word_1_155' title='bbox 1779 2351 2007 2424; x_wconf 89' lang='lat' dir='ltr'>trochaeum</span> 
     </span>
     <span class='ocr_line' id='line_1_17' title="bbox 246 2461 2008 2579; baseline -0.001 -21"><span class='ocrx_word' id='word_1_156' title='bbox 246 2461 249 2467; x_wconf 31' lang='lat'>¹</span> <span class='ocrx_word' id='word_1_157' title='bbox 352 2486 542 2579; x_wconf 85' lang='lat' dir='ltr'>excipiens</span> <span class='ocrx_word' id='word_1_158' title='bbox 584 2468 640 2559; x_wconf 85' lang='grc'>86.</span> <span class='ocrx_word' id='word_1_159' title='bbox 671 2486 733 2573; x_wconf 78' lang='grc'><strong>169,</strong></span> <span class='ocrx_word' id='word_1_160' title='bbox 764 2487 852 2575; x_wconf 88' lang='grc'><strong>333,</strong></span> <span class='ocrx_word' id='word_1_161' title='bbox 883 2486 1167 2578; x_wconf 85' lang='grc'><strong>425,-66166666</strong></span> <span class='ocrx_word' id='word_1_162' title='bbox 1196 2485 1293 2572; x_wconf 81' lang='grc'><strong>4167;</strong></span> <span class='ocrx_word' id='word_1_163' title='bbox 1318 2476 1450 2579; x_wconf 86' lang='grc' dir='ltr'>Ἄρηα</span> <span class='ocrx_word' id='word_1_164' title='bbox 1477 2484 1545 2557; x_wconf 82' lang='lat' dir='ltr'>Th.</span> <span class='ocrx_word' id='word_1_165' title='bbox 1577 2484 1650 2556; x_wconf 88' lang='grc'>922</span> <span class='ocrx_word' id='word_1_166' title='bbox 1680 2486 1769 2579; x_wconf 89' lang='grc'><strong>6661</strong></span> <span class='ocrx_word' id='word_1_167' title='bbox 1794 2485 2008 2557; x_wconf 87' lang='lat' dir='ltr'>secundum</span> 
     </span>
     <span class='ocr_line' id='line_1_18' title="bbox 351 2619 586 2692; baseline 0.004 -1"><span class='ocrx_word' id='word_1_168' title='bbox 351 2619 586 2692; x_wconf 84' lang='lat' dir='ltr'>trochaeum.</span> 
     </span>
    </p>

    <p class='ocr_par' dir='ltr' id='par_1_8' title="bbox 352 2752 2048 2982">
     <span class='ocr_line' id='line_1_19' title="bbox 459 2752 2011 2848; baseline 0.001 -24"><span class='ocrx_word' id='word_1_169' title='bbox 459 2753 595 2841; x_wconf 77' lang='lat' dir='ltr'>Bacch,</span> <span class='ocrx_word' id='word_1_170' title='bbox 632 2753 785 2826; x_wconf 88' lang='lat' dir='ltr'>Hesiod.</span> <span class='ocrx_word' id='word_1_171' title='bbox 815 2752 981 2841; x_wconf 83' lang='grc'><strong>1161666,</strong></span> <span class='ocrx_word' id='word_1_172' title='bbox 1010 2777 1095 2848; x_wconf 85' lang='lat' dir='ltr'>pag.</span> <span class='ocrx_word' id='word_1_173' title='bbox 1127 2753 1189 2843; x_wconf 89' lang='grc'>29,</span> <span class='ocrx_word' id='word_1_174' title='bbox 1219 2754 1510 2848; x_wconf 88' lang='lat' dir='ltr'>productionem</span> <span class='ocrx_word' id='word_1_175' title='bbox 1539 2753 1697 2825; x_wconf 86' lang='lat' dir='ltr'>initialis</span> <span class='ocrx_word' id='word_1_176' title='bbox 1726 2752 1867 2826; x_wconf 88' lang='lat' dir='ltr'>vocalis</span> <span class='ocrx_word' id='word_1_177' title='bbox 1895 2752 2011 2826; x_wconf 84' lang='lat' dir='ltr'>huius</span> 
     </span>
     <span class='ocr_line' id='line_1_20' title="bbox 352 2887 2048 2982; baseline 0.001 -24"><span class='ocrx_word' id='word_1_178' title='bbox 352 2887 517 2959; x_wconf 87' lang='lat' dir='ltr'>nominis</span> <span class='ocrx_word' id='word_1_179' title='bbox 558 2891 683 2959; x_wconf 88' lang='lat' dir='ltr'>totam</span> <span class='ocrx_word' id='word_1_180' title='bbox 713 2910 793 2960; x_wconf 87' lang='grc'><strong>6666</strong></span> <span class='ocrx_word' id='word_1_181' title='bbox 822 2888 987 2981; x_wconf 81' lang='lat' dir='ltr'>positam</span> <span class='ocrx_word' id='word_1_182' title='bbox 1015 2889 1054 2959; x_wconf 91' lang='lat' dir='ltr'>in</span> <span class='ocrx_word' id='word_1_183' title='bbox 1083 2888 1200 2961; x_wconf 89' lang='lat' dir='ltr'>thesis</span> <span class='ocrx_word' id='word_1_184' title='bbox 1230 2889 1266 2960; x_wconf 87' lang='lat' dir='ltr'>vi</span> <span class='ocrx_word' id='word_1_185' title='bbox 1296 2888 1427 2961; x_wconf 91' lang='lat' dir='ltr'>docet:</span> <span class='ocrx_word' id='word_1_186' title='bbox 1457 2887 1603 2959; x_wconf 92' lang='lat' dir='ltr'>nullum</span> <span class='ocrx_word' id='word_1_187' title='bbox 1632 2887 1733 2960; x_wconf 91' lang='lat' dir='ltr'>enim</span> <span class='ocrx_word' id='word_1_188' title='bbox 1762 2890 1890 2959; x_wconf 88' lang='lat' dir='ltr'>exstat</span> <span class='ocrx_word' id='word_1_189' title='bbox 1919 2911 2009 2982; x_wconf 90' lang='lat' dir='ltr'>pro·</span> <span class='ocrx_word' id='word_1_190' title='bbox 2041 2922 2048 2932; x_wconf 93' lang='lat'><strong>·</strong></span> 
     </span>
    </p>
   </div>
   <div class='ocr_carea' id='block_1_3' title="bbox 354 3020 2009 3116">
    <p class='ocr_par' dir='ltr' id='par_1_9' title="bbox 354 3020 2009 3116">
     <span class='ocr_line' id='line_1_21' title="bbox 354 3020 2009 3116; baseline 0.001 -24"><span class='ocrx_word' id='word_1_191' title='bbox 354 3020 548 3093; x_wconf 87' lang='lat' dir='ltr'>ductionis·</span> <span class='ocrx_word' id='word_1_192' title='bbox 584 3021 799 3115; x_wconf 86' lang='lat' dir='ltr'>exemplum</span> <span class='ocrx_word' id='word_1_193' title='bbox 840 3022 880 3092; x_wconf 95' lang='lat' dir='ltr'>in</span> <span class='ocrx_word' id='word_1_194' title='bbox 922 3022 1008 3094; x_wconf 88' lang='lat' dir='ltr'>arsi.</span> <span class='ocrx_word' id='word_1_195' title='bbox 1065 3022 1119 3095; x_wconf 92' lang='lat' dir='ltr'>De</span> <span class='ocrx_word' id='word_1_196' title='bbox 1161 3022 1265 3095; x_wconf 87' lang='lat' dir='ltr'>vocis</span> <span class='ocrx_word' id='word_1_197' title='bbox 1307 3023 1563 3116; x_wconf 82' lang='lat' dir='ltr'>originatioue</span> <span class='ocrx_word' id='word_1_198' title='bbox 1606 3021 1758 3115; x_wconf 91' lang='lat' dir='ltr'>quidem</span> <span class='ocrx_word' id='word_1_199' title='bbox 1794 3021 1891 3093; x_wconf 90' lang='lat' dir='ltr'>nihil</span> <span class='ocrx_word' id='word_1_200' title='bbox 1921 3044 2009 3116; x_wconf 86' lang='lat' dir='ltr'>cog·</span> 
     </span>
    </p>
   </div>
   <div class='ocr_carea' id='block_1_4' title="bbox 259 3153 2010 4318">
    <p class='ocr_par' dir='ltr' id='par_1_10' title="bbox 353 3153 699 3227">
     <span class='ocr_line' id='line_1_22' title="bbox 353 3153 699 3227; baseline 0.006 -2"><span class='ocrx_word' id='word_1_201' title='bbox 353 3154 477 3226; x_wconf 87' lang='lat' dir='ltr'>nitum</span> <span class='ocrx_word' id='word_1_202' title='bbox 505 3153 699 3227; x_wconf 86' lang='lat' dir='ltr'>habemus.</span> 
     </span>
    </p>

    <p class='ocr_par' dir='ltr' id='par_1_11' title="bbox 259 3255 2010 4318">
     <span class='ocr_line' id='line_1_23' title="bbox 259 3255 2010 3386; baseline 0.004 -30"><span class='ocrx_word' id='word_1_203' title='bbox 259 3255 268 3269; x_wconf 55' lang='lat'><em>⁰</em></span> <span class='ocrx_word' id='word_1_204' title='bbox 459 3281 583 3368; x_wconf 73' lang='grc' dir='ltr'><strong>καλὸς.</strong></span> <span class='ocrx_word' id='word_1_205' title='bbox 640 3289 775 3376; x_wconf 85' lang='grc'><strong>1166616,</strong></span> <span class='ocrx_word' id='word_1_206' title='bbox 805 3288 958 3363; x_wconf 86' lang='lat' dir='ltr'>Hesiod.</span> <span class='ocrx_word' id='word_1_207' title='bbox 990 3289 1153 3378; x_wconf 89' lang='lat' dir='ltr'>Unters.‚</span> <span class='ocrx_word' id='word_1_208' title='bbox 1183 3314 1268 3384; x_wconf 83' lang='lat' dir='ltr'>pag.</span> <span class='ocrx_word' id='word_1_209' title='bbox 1300 3291 1362 3375; x_wconf 84' lang='grc'><strong>32,</strong></span> <span class='ocrx_word' id='word_1_210' title='bbox 1392 3291 1591 3363; x_wconf 87' lang='lat' dir='ltr'>contendit</span> <span class='ocrx_word' id='word_1_211' title='bbox 1619 3289 1715 3363; x_wconf 92' lang='lat' dir='ltr'>hanc</span> <span class='ocrx_word' id='word_1_212' title='bbox 1744 3312 1878 3364; x_wconf 79' lang='lat' dir='ltr'>rocem</span> <span class='ocrx_word' id='word_1_213' title='bbox 1905 3292 2010 3386; x_wconf 89' lang='lat' dir='ltr'>apud</span> 
     </span>
     <span class='ocr_line' id='line_1_24' title="bbox 353 3419 2008 3520; baseline 0.002 -26"><span class='ocrx_word' id='word_1_214' title='bbox 353 3419 562 3494; x_wconf 89' lang='lat' dir='ltr'>Homerum</span> <span class='ocrx_word' id='word_1_215' title='bbox 604 3423 878 3516; x_wconf 89' lang='lat' dir='ltr'>paenultimam</span> <span class='ocrx_word' id='word_1_216' title='bbox 914 3427 995 3494; x_wconf 90' lang='lat' dir='ltr'>turn</span> <span class='ocrx_word' id='word_1_217' title='bbox 1025 3424 1247 3517; x_wconf 87' lang='lat' dir='ltr'>producere,</span> <span class='ocrx_word' id='word_1_218' title='bbox 1276 3426 1359 3495; x_wconf 86' lang='lat' dir='ltr'>turn</span> <span class='ocrx_word' id='word_1_219' title='bbox 1387 3424 1590 3517; x_wconf 87' lang='lat' dir='ltr'>corripere.</span> <span class='ocrx_word' id='word_1_220' title='bbox 1648 3423 1907 3517; x_wconf 75' lang='lat' dir='ltr'>Correptionis</span> <span class='ocrx_word' id='word_1_221' title='bbox 1937 3447 2008 3520; x_wconf 89' lang='lat' dir='ltr'>ego</span> 
     </span>
     <span class='ocr_line' id='line_1_25' title="bbox 354 3554 2006 3652; baseline 0.004 -26"><span class='ocrx_word' id='word_1_222' title='bbox 354 3555 499 3627; x_wconf 89' lang='lat' dir='ltr'>nullum</span> <span class='ocrx_word' id='word_1_223' title='bbox 529 3557 723 3648; x_wconf 84' lang='lat' dir='ltr'>cognitum</span> <span class='ocrx_word' id='word_1_224' title='bbox 752 3556 874 3628; x_wconf 85' lang='lat' dir='ltr'>habeo</span> <span class='ocrx_word' id='word_1_225' title='bbox 905 3558 1131 3650; x_wconf 86' lang='lat' dir='ltr'>exernplum.</span> <span class='ocrx_word' id='word_1_226' title='bbox 1188 3558 1298 3650; x_wconf 87' lang='lat' dir='ltr'>Apud</span> <span class='ocrx_word' id='word_1_227' title='bbox 1327 3557 1533 3629; x_wconf 89' lang='lat' dir='ltr'>Pindarum</span> <span class='ocrx_word' id='word_1_228' title='bbox 1562 3559 1691 3628; x_wconf 89' lang='lat' dir='ltr'>autem</span> <span class='ocrx_word' id='word_1_229' title='bbox 1711 3554 1897 3647; x_wconf 67' lang='lat' dir='ltr'>(Heimen</span> <span class='ocrx_word' id='word_1_230' title='bbox 1918 3581 2006 3652; x_wconf 81' lang='lat' dir='ltr'>pag.</span> 
     </span>
     <span class='ocr_line' id='line_1_26' title="bbox 342 3673 2007 3784; baseline 0.004 -24"><span class='ocrx_word' id='word_1_231' title='bbox 342 3673 448 3778; x_wconf 83' lang='grc'><strong>127)</strong></span> <span class='ocrx_word' id='word_1_232' title='bbox 491 3693 531 3761; x_wconf 91' lang='grc'>61</span> <span class='ocrx_word' id='word_1_233' title='bbox 572 3690 719 3762; x_wconf 85' lang='grc'><strong>11111666</strong></span> <span class='ocrx_word' id='word_1_234' title='bbox 762 3691 966 3783; x_wconf 89' lang='grc'><strong>6661616666</strong></span> <span class='ocrx_word' id='word_1_235' title='bbox 994 3713 1145 3783; x_wconf 88' lang='lat' dir='ltr'>semper</span> <span class='ocrx_word' id='word_1_236' title='bbox 1172 3690 1297 3763; x_wconf 87' lang='lat' dir='ltr'>brevis</span> <span class='ocrx_word' id='word_1_237' title='bbox 1326 3693 1395 3762; x_wconf 88' lang='lat' dir='ltr'>est.</span> <span class='ocrx_word' id='word_1_238' title='bbox 1450 3688 1623 3784; x_wconf 83' lang='lat' dir='ltr'>Apparet</span> <span class='ocrx_word' id='word_1_239' title='bbox 1651 3692 1752 3763; x_wconf 92' lang='lat' dir='ltr'>inter</span> <span class='ocrx_word' id='word_1_240' title='bbox 1780 3690 2007 3782; x_wconf 92' lang='lat' dir='ltr'>Homerum,</span> 
     </span>
     <span class='ocr_line' id='line_1_27' title="bbox 356 3823 2009 3919; baseline 0.004 -25"><span class='ocrx_word' id='word_1_241' title='bbox 356 3823 419 3918; x_wconf 90' lang='lat' dir='ltr'>qui</span> <span class='ocrx_word' id='word_1_242' title='bbox 447 3823 635 3917; x_wconf 88' lang='lat' dir='ltr'>producit,</span> <span class='ocrx_word' id='word_1_243' title='bbox 665 3827 704 3895; x_wconf 90' lang='lat' dir='ltr'>et</span> <span class='ocrx_word' id='word_1_244' title='bbox 734 3823 951 3912; x_wconf 86' lang='lat' dir='ltr'>Pindarum,</span> <span class='ocrx_word' id='word_1_245' title='bbox 981 3824 1045 3917; x_wconf 86' lang='lat' dir='ltr'>qui</span> <span class='ocrx_word' id='word_1_246' title='bbox 1072 3824 1244 3918; x_wconf 86' lang='lat' dir='ltr'>corripit,</span> <span class='ocrx_word' id='word_1_247' title='bbox 1273 3823 1510 3897; x_wconf 85' lang='lat' dir='ltr'>intercedere</span> <span class='ocrx_word' id='word_1_248' title='bbox 1539 3846 1690 3898; x_wconf 87' lang='lat' dir='ltr'>necesse</span> <span class='ocrx_word' id='word_1_249' title='bbox 1720 3846 1798 3898; x_wconf 86' lang='lat' dir='ltr'>esse</span> <span class='ocrx_word' id='word_1_250' title='bbox 1817 3828 2009 3919; x_wconf 88' lang='lat' dir='ltr'>temporis</span> 
     </span>
     <span class='ocr_line' id='line_1_28' title="bbox 355 3948 2009 4052; baseline 0.002 -23"><span class='ocrx_word' id='word_1_251' title='bbox 355 3958 533 4050; x_wconf 86' lang='lat' dir='ltr'>spatium,</span> <span class='ocrx_word' id='word_1_252' title='bbox 564 3979 639 4050; x_wconf 78' lang='lat' dir='ltr'>quo</span> <span class='ocrx_word' id='word_1_253' title='bbox 668 3957 893 4030; x_wconf 87' lang='lat' dir='ltr'>vaccillabat</span> <span class='ocrx_word' id='word_1_254' title='bbox 920 3957 1061 4030; x_wconf 86' lang='lat' dir='ltr'>vocalis</span> <span class='ocrx_word' id='word_1_255' title='bbox 1090 3978 1115 4028; x_wconf 84' lang='grc' dir='ltr'>α</span> <span class='ocrx_word' id='word_1_256' title='bbox 1143 3959 1348 4052; x_wconf 79' lang='lat' dir='ltr'>quantitas,</span> <span class='ocrx_word' id='word_1_257' title='bbox 1405 3960 1527 4042; x_wconf 76' lang='lat' dir='ltr'>Quare</span> <span class='ocrx_word' id='word_1_258' title='bbox 1546 3958 1577 4030; x_wconf 93' lang='grc'>61</span> <span class='ocrx_word' id='word_1_259' title='bbox 1598 3959 1658 4031; x_wconf 91' lang='grc'>661</span> <span class='ocrx_word' id='word_1_260' title='bbox 1678 3959 1777 4051; x_wconf 90' lang='lat' dir='ltr'>apud</span> <span class='ocrx_word' id='word_1_261' title='bbox 1796 3948 2009 4033; x_wconf 84' lang='lat' dir='ltr'>Hesiodum</span> 
     </span>
     <span class='ocr_line' id='line_1_29' title="bbox 355 4090 2007 4185; baseline 0.004 -24"><span class='ocrx_word' id='word_1_262' title='bbox 355 4091 465 4163; x_wconf 91' lang='lat' dir='ltr'>nobis</span> <span class='ocrx_word' id='word_1_263' title='bbox 506 4091 670 4164; x_wconf 90' lang='lat' dir='ltr'>occurrit</span> <span class='ocrx_word' id='word_1_264' title='bbox 712 4090 926 4184; x_wconf 85' lang='lat' dir='ltr'>exemplum</span> <span class='ocrx_word' id='word_1_265' title='bbox 968 4095 1167 4185; x_wconf 85' lang='lat' dir='ltr'>correptae</span> <span class='ocrx_word' id='word_1_266' title='bbox 1210 4092 1448 4184; x_wconf 70' lang='lat' dir='ltr'>quantitatia</span> <span class='ocrx_word' id='word_1_267' title='bbox 1490 4091 1629 4162; x_wconf 90' lang='lat' dir='ltr'>mirum</span> <span class='ocrx_word' id='word_1_268' title='bbox 1661 4115 1739 4164; x_wconf 91' lang='lat' dir='ltr'>uon</span> <span class='ocrx_word' id='word_1_269' title='bbox 1768 4092 1884 4165; x_wconf 86' lang='lat' dir='ltr'>debet</span> <span class='ocrx_word' id='word_1_270' title='bbox 1912 4115 2007 4167; x_wconf 86' lang='grc'><strong>6666.</strong></span> 
     </span>
     <span class='ocr_line' id='line_1_30' title="bbox 356 4221 1197 4318; baseline 0.002 -24"><span class='ocrx_word' id='word_1_271' title='bbox 356 4221 443 4296; x_wconf 84' lang='lat' dir='ltr'>Eius</span> <span class='ocrx_word' id='word_1_272' title='bbox 472 4224 574 4298; x_wconf 90' lang='lat' dir='ltr'>modi</span> <span class='ocrx_word' id='word_1_273' title='bbox 604 4247 694 4297; x_wconf 90' lang='grc'><strong>6666</strong></span> <span class='ocrx_word' id='word_1_274' title='bbox 725 4223 898 4318; x_wconf 86' lang='lat' dir='ltr'>exempla</span> <span class='ocrx_word' id='word_1_275' title='bbox 926 4223 1000 4297; x_wconf 88' lang='lat' dir='ltr'>duo</span> <span class='ocrx_word' id='word_1_276' title='bbox 1031 4228 1197 4297; x_wconf 86' lang='lat' dir='ltr'>exstant:</span> 
     </span>
    </p>
   </div>
   <div class='ocr_carea' id='block_1_5' title="bbox 357 4478 2012 4989">
    <p class='ocr_par' dir='ltr' id='par_1_12' title="bbox 357 4478 2012 4989">
     <span class='ocr_line' id='line_1_31' title="bbox 469 4478 2008 4561; baseline 0.004 -19"><span class='ocrx_word' id='word_1_277' title='bbox 469 4478 478 4515; x_wconf 89' lang='lat'>¹</span> <span class='ocrx_word' id='word_1_278' title='bbox 503 4485 538 4543; x_wconf 91' lang='lat' dir='ltr'>ln</span> <span class='ocrx_word' id='word_1_279' title='bbox 560 4485 755 4561; x_wconf 88' lang='lat' dir='ltr'>productione</span> <span class='ocrx_word' id='word_1_280' title='bbox 779 4485 889 4544; x_wconf 82' lang='lat' dir='ltr'>uocalis</span> <span class='ocrx_word' id='word_1_281' title='bbox 914 4500 934 4539; x_wconf 82' lang='grc' dir='ltr'><strong><em>α</em></strong></span> <span class='ocrx_word' id='word_1_282' title='bbox 957 4485 1193 4561; x_wconf 86' lang='grc'><strong>16166666166666</strong></span> <span class='ocrx_word' id='word_1_283' title='bbox 1210 4486 1411 4561; x_wconf 85' lang='lat' dir='ltr'>quantitatem</span> <span class='ocrx_word' id='word_1_284' title='bbox 1426 4487 1545 4546; x_wconf 86' lang='lat' dir='ltr'>credere</span> <span class='ocrx_word' id='word_1_285' title='bbox 1560 4487 1639 4546; x_wconf 90' lang='lat' dir='ltr'>licet.</span> <span class='ocrx_word' id='word_1_286' title='bbox 1686 4487 1793 4546; x_wconf 85' lang='lat' dir='ltr'>Adhuc</span> <span class='ocrx_word' id='word_1_287' title='bbox 1808 4486 1852 4546; x_wconf 87' lang='lat' dir='ltr'>ita</span> <span class='ocrx_word' id='word_1_288' title='bbox 1868 4487 1954 4548; x_wconf 84' lang='lat' dir='ltr'>varia</span> <span class='ocrx_word' id='word_1_289' title='bbox 1971 4490 2008 4548; x_wconf 87' lang='lat' dir='ltr'>de</span> 
     </span>
     <span class='ocr_line' id='line_1_32' title="bbox 357 4581 2009 4673; baseline 0.004 -25"><span class='ocrx_word' id='word_1_290' title='bbox 357 4589 483 4650; x_wconf 86' lang='lat' dir='ltr'>nominis</span> <span class='ocrx_word' id='word_1_291' title='bbox 508 4581 605 4669; x_wconf 72' lang='grc'><strong>161666</strong></span> <span class='ocrx_word' id='word_1_292' title='bbox 629 4592 735 4651; x_wconf 86' lang='lat' dir='ltr'>docent</span> <span class='ocrx_word' id='word_1_293' title='bbox 758 4593 814 4650; x_wconf 85' lang='lat' dir='ltr'>viri</span> <span class='ocrx_word' id='word_1_294' title='bbox 831 4593 919 4663; x_wconf 83' lang='lat' dir='ltr'>docti,</span> <span class='ocrx_word' id='word_1_295' title='bbox 936 4597 972 4651; x_wconf 87' lang='grc'>61</span> <span class='ocrx_word' id='word_1_296' title='bbox 988 4593 1060 4651; x_wconf 88' lang='lat' dir='ltr'>nihil</span> <span class='ocrx_word' id='word_1_297' title='bbox 1076 4611 1130 4668; x_wconf 91' lang='lat' dir='ltr'>pro</span> <span class='ocrx_word' id='word_1_298' title='bbox 1147 4600 1228 4653; x_wconf 88' lang='lat' dir='ltr'>certo</span> <span class='ocrx_word' id='word_1_299' title='bbox 1244 4595 1337 4652; x_wconf 86' lang='lat' dir='ltr'>statui</span> <span class='ocrx_word' id='word_1_300' title='bbox 1352 4594 1456 4670; x_wconf 85' lang='lat' dir='ltr'>possit.</span> <span class='ocrx_word' id='word_1_301' title='bbox 1503 4593 1623 4663; x_wconf 83' lang='lat' dir='ltr'>Gcebel,</span> <span class='ocrx_word' id='word_1_302' title='bbox 1641 4587 1809 4673; x_wconf 79' lang='lat' dir='ltr'>Lerilcpus</span> <span class='ocrx_word' id='word_1_303' title='bbox 1820 4610 1863 4652; x_wconf 79' lang='lat' dir='ltr'>zu</span> <span class='ocrx_word' id='word_1_304' title='bbox 1876 4589 2009 4672; x_wconf 80' lang='lat' dir='ltr'>Homer,</span> 
     </span>
     <span class='ocr_line' id='line_1_33' title="bbox 359 4689 2008 4777; baseline 0.004 -21"><span class='ocrx_word' id='word_1_305' title='bbox 359 4689 485 4756; x_wconf 78' lang='lat' dir='ltr'>Berlin.</span> <span class='ocrx_word' id='word_1_306' title='bbox 512 4694 608 4770; x_wconf 81' lang='grc'><strong>1878,</strong></span> <span class='ocrx_word' id='word_1_307' title='bbox 632 4699 655 4765; x_wconf 85' lang='grc' dir='ltr'>Ι,</span> <span class='ocrx_word' id='word_1_308' title='bbox 680 4718 748 4775; x_wconf 85' lang='lat' dir='ltr'>pag.</span> <span class='ocrx_word' id='word_1_309' title='bbox 774 4699 826 4764; x_wconf 80' lang='lat'>31.</span> <span class='ocrx_word' id='word_1_310' title='bbox 851 4700 937 4759; x_wconf 90' lang='lat' dir='ltr'>docet</span> <span class='ocrx_word' id='word_1_311' title='bbox 960 4690 1122 4755; x_wconf 72' lang='grc' dir='ltr'>Ἀπόλλων</span> <span class='ocrx_word' id='word_1_312' title='bbox 1146 4719 1207 4759; x_wconf 88' lang='lat' dir='ltr'>esse</span> <span class='ocrx_word' id='word_1_313' title='bbox 1223 4719 1278 4776; x_wconf 92' lang='lat' dir='ltr'>pro</span> <span class='ocrx_word' id='word_1_314' title='bbox 1295 4691 1503 4768; x_wconf 78' lang='grc' dir='ltr'>Ἄ-σπόλλων,</span> <span class='ocrx_word' id='word_1_315' title='bbox 1520 4720 1535 4758; x_wconf 86' lang='grc'>6</span> <span class='ocrx_word' id='word_1_316' title='bbox 1552 4702 1649 4760; x_wconf 88' lang='lat' dir='ltr'>radice</span> <span class='ocrx_word' id='word_1_317' title='bbox 1666 4694 1758 4768; x_wconf 80' lang='grc' dir='ltr'><strong>σπαλ,</strong></span> <span class='ocrx_word' id='word_1_318' title='bbox 1775 4720 1865 4777; x_wconf 85' lang='lat' dir='ltr'>quam</span> <span class='ocrx_word' id='word_1_319' title='bbox 1881 4704 2008 4763; x_wconf 81' lang='grc'><strong>66661666</strong></span> 
     </span>
     <span class='ocr_line' id='line_1_34' title="bbox 357 4798 2012 4887; baseline 0.005 -24"><span class='ocrx_word' id='word_1_320' title='bbox 357 4804 441 4864; x_wconf 90' lang='lat' dir='ltr'>uobis</span> <span class='ocrx_word' id='word_1_321' title='bbox 476 4805 599 4880; x_wconf 84' lang='lat' dir='ltr'>praebet</span> <span class='ocrx_word' id='word_1_322' title='bbox 633 4799 750 4861; x_wconf 81' lang='grc' dir='ltr'><strong>πάλλω.</strong></span> <span class='ocrx_word' id='word_1_323' title='bbox 803 4807 927 4882; x_wconf 88' lang='grc' dir='ltr'><strong>,Α66116</strong></span> <span class='ocrx_word' id='word_1_324' title='bbox 961 4806 1000 4865; x_wconf 88' lang='grc'>161</span> <span class='ocrx_word' id='word_1_325' title='bbox 1024 4807 1075 4864; x_wconf 85' lang='lat' dir='ltr'>der</span> <span class='ocrx_word' id='word_1_326' title='bbox 1098 4799 1229 4866; x_wconf 77' lang='lat' dir='ltr'>Schr&#39;itze</span> <span class='ocrx_word' id='word_1_327' title='bbox 1251 4799 1318 4863; x_wconf 76' lang='grc' dir='ltr'>κατ’</span> <span class='ocrx_word' id='word_1_328' title='bbox 1344 4798 1479 4887; x_wconf 53' lang='lat' dir='ltr'>§tophus</span> <span class='ocrx_word' id='word_1_329' title='bbox 1531 4809 1671 4867; x_wconf 82' lang='lat' dir='ltr'>Voculam</span> <span class='ocrx_word' id='word_1_330' title='bbox 1696 4823 1715 4863; x_wconf 90' lang='grc' dir='ltr'><strong><em>α</em></strong></span> <span class='ocrx_word' id='word_1_331' title='bbox 1738 4808 1871 4866; x_wconf 84' lang='lat' dir='ltr'>additam</span> <span class='ocrx_word' id='word_1_332' title='bbox 1894 4811 2012 4871; x_wconf 86' lang='lat' dir='ltr'>scilicet</span> 
     </span>
     <span class='ocr_line' id='line_1_35' title="bbox 357 4911 1092 4989; baseline -0.003 -20"><span class='ocrx_word' id='word_1_333' title='bbox 357 4915 456 4989; x_wconf 86' lang='lat' dir='ltr'>putat,</span> <span class='ocrx_word' id='word_1_334' title='bbox 480 4915 516 4970; x_wconf 89' lang='lat' dir='ltr'>ut</span> <span class='ocrx_word' id='word_1_335' title='bbox 538 4911 653 4970; x_wconf 84' lang='lat' dir='ltr'>facilius</span> <span class='ocrx_word' id='word_1_336' title='bbox 677 4913 852 4972; x_wconf 85' lang='lat' dir='ltr'>efferrentur</span> <span class='ocrx_word' id='word_1_337' title='bbox 876 4932 1019 4972; x_wconf 86' lang='lat' dir='ltr'>consonae</span> <span class='ocrx_word' id='word_1_338' title='bbox 1044 4928 1092 4968; x_wconf 80' lang='grc' dir='ltr'><strong>σπ.</strong></span> 
     </span>
    </p>
   </div>
   <div class='ocr_carea' id='block_1_6' title="bbox 0 0 2245 6082">
    <p class='ocr_par' dir='ltr' id='par_1_13' title="bbox 0 0 2245 6082">
     <span class='ocr_line' id='line_1_36' title="bbox 0 0 2245 6082; baseline 0 0"><span class='ocrx_word' id='word_1_339' title='bbox 0 0 2245 6082; x_wconf 95' lang='lat' dir='ltr'> </span> 
     </span>
    </p>
   </div>
  </div>
 </body>
</html>
