4464 6082
288 287 361 362 146
831 319 892 373 aas.
913 318 1048 373 Paulson:
1068 317 1167 373 scura
1187 316 1331 373 Hesiodea.
1368 318 1389 372 1.

284 528 328 578 eo
358 504 502 577 facilius
531 527 613 576 cum
644 528 809 578 consona
837 507 1019 577 mutetur.
1077 503 1185 577 Unde
1214 504 1303 577 licet
1332 506 1464 597 petere
1483 504 1686 591 rationem,
1706 526 1775 576 cur
1794 502 1936 576 firmio·
2016 528 2021 538 ·

284 662 344 711 res
371 639 586 712 trochaicae
622 661 811 726 caesurae,
842 660 937 732 quae
966 639 1086 732 magis
1114 662 1136 709 a
1163 638 1339 731 sequenti
1367 638 1489 710 vocali
1518 638 1701 710 diducunt
1729 637 1936 732 diphthon-

282 797 382 867 gum,
412 774 577 846 rariores
606 796 719 866 quam
748 766 844 867 quae
872 773 1019 845 minore
1049 745 1286 859 vincuntur,
1317 772 1522 845 exhibeant
1549 773 1826 866 correptiones,

390 906 461 980 Sed
491 907 583 980 haec
611 930 687 979 non
717 907 846 980 valent
875 906 922 979 de
950 906 1194 978 incisionibus
1223 907 1260 977 in
1291 907 1530 1001 dactylorum
1557 906 1632 981 fine
1660 908 1770 980 nobis
1795 907 1936 997 obviis;

285 1064 381 1136 quae
411 1041 600 1129 videntur,
631 1065 704 1135 quo
734 1040 921 1114 firmiores
949 1044 1049 1129 sunt,
1080 1064 1125 1113 eo
1154 1042 1303 1135 saepius
1332 1042 1592 1134 correptiones
1612 1043 1796 1137 accipere.
1856 1041 1938 1114 Nisi

283 1199 370 1248 casu
412 1175 552 1248 fectum
597 1179 655 1248 est
706 1221 743 1229 -
790 1176 827 1247 id
870 1176 970 1269 quod
999 1175 1177 1248 credibile
1207 1198 1282 1247 uon
1312 1179 1370 1247 est
1401 1220 1446 1230 ·--
1478 1179 1521 1247 ut
1549 1177 1698 1249 numeri
1726 1176 1938 1250 ostendant

283 1310 471 1382 firmiores
514 1302 718 1403 dactylicus
760 1309 960 1382 incisiones
1002 1310 1188 1403 imprimis
1225 1312 1468 1402 frequentare
1497 1311 1771 1404 correptiones
1801 1314 1938 1383 contra

284 1466 327 1517 ac
355 1442 399 1516 fit
427 1445 466 1515 in
495 1444 658 1516 caesuris
686 1443 899 1531 trochaicis,
937 1466 1048 1516 causa
1077 1446 1135 1516 est
1163 1444 1329 1537 peteuda
1358 1466 1403 1517 ex
1432 1444 1569 1537 aliqua,
1600 1466 1696 1538 quae
1725 1445 1830 1518 inter
1858 1448 1938 1516 tro·

284 1577 429 1650 chaicas
458 1581 498 1650 et
526 1578 731 1672 dactylicos
759 1578 960 1650 incisiones
988 1578 1204 1655 intercedit,
1234 1577 1552 1651 dissimilitudine.

269 1768 284 1795 s
390 1711 476 1784 Alia·
517 1713 634 1785 etiam
677 1709 736 1784 est
777 1735 849 1799 res,
879 1736 991 1806 quam
1020 1712 1172 1785 silentio
1207 1734 1285 1783 non
1313 1712 1427 1785 licoat
1454 1713 1778 1814 praetermittere.
1836 1712 1938 1785 Nam

284 1870 354 1940 pro
384 1846 671 1940 correptionum
699 1868 859 1919 numero
888 1868 1071 1941 persaepe
1100 1848 1292 1940 correptio
1327 1847 1453 1945 posita
1472 1850 1531 1920 est
1549 1844 1588 1918 in
1608 1848 1937 1941 interpunctione.

285 1980 324 2053 Si
352 2002 596 2053 numerorum
626 1983 814 2053 rationem
843 1981 1084 2053 subducimus
1113 1978 1215 2067 (vide
1244 2003 1353 2073 pagg.
1390 1981 1435 2052 14
1457 1981 1594 2070 0148),
1615 1981 1832 2054 invenimus
1853 2004 1937 2076 sep-

283 2116 419 2187 timam
446 2114 526 2188 fere
562 2137 749 2208 quamque
778 2137 972 2188 caesuram
1000 2113 1233 2187 trochaicam
1260 2115 1368 2187 tertii
1397 2114 1503 2208 pedis
1530 2115 1843 2221 interpunctione
1873 2139 1938 2187 au-

284 2250 365 2343 geri
395 2248 482 2336 (201
519 2271 539 2322 0
573 2250 700 2337 1355).
752 2248 786 2319 Ε
814 2249 974 2342 triginta
1003 2249 1147 2320 duobus
1175 2252 1305 2321 auteur
1333 2248 1586 2342 correptionis
1615 2249 1809 2343 exemplis
1840 2272 1939 2343 quae

284 2384 323 2454 in
352 2383 418 2455 illa
445 2384 546 2470 sede,
576 2384 723 2455 omissis
751 2382 1034 2478 monosyllabis,
1066 2383 1246 2455 exhibent
1274 2384 1442 2455 carmina
1464 2382 1664 2471 Hesiodea,
1689 2382 1733 2453 12
1756 2383 1795 2453 iu
1815 2383 1937 2456 inter-

283 2518 490 2610 punctione
532 2521 620 2589 sunt
649 2518 774 2611 posita
793 2513 817 2589 ¹.
874 2516 1028 2588 Collatis
1057 2539 1167 2610 pagg.
1202 2516 1247 2587 14
1278 2520 1317 2589 01
1348 2515 1409 2604 50,
1439 2518 1600 2609 apparet
1627 2514 1827 2587 XXIVzam
1857 2516 1939 2590 fere

285 2673 472 2744 quamque
515 2651 628 2744 primi
671 2651 776 2744 pedis
818 2673 1013 2723 caesuram
1055 2651 1288 2723 trochaicam
1330 2649 1396 2737 (24
1435 2672 1455 2722 0
1494 2650 1586 2738 572)
1615 2650 1939 2743 interpunctionis

284 2788 490 2878 augmento
519 2786 587 2857 uti.
645 2785 913 2878 Correptiones
941 2787 1070 2856 autern
1099 2784 1208 2856 huius
1237 2784 1386 2878 generis
1415 2785 1454 2854 in
1483 2806 1528 2856 ea.
1555 2784 1644 2857 sede
1673 2783 1821 2877 positae
1851 2807 1937 2857 earn

284 2922 495 3012 sequuntur
536 2920 726 2991 rationem
762 2922 804 2989 ut
832 2921 969 2993 octava
997 2940 1167 3013 quaeque
1197 2919 1236 2989 in
1263 2917 1573 3011 interpunctione
1601 2918 1652 2989 sit
1679 2918 1869 2992 collocata
1898 2919 1937 3007 (8

285 3075 306 3124 0
336 3052 401 3141 64)
419 3046 445 3124 2.
502 3052 545 3123 In
574 3053 643 3125 hac
673 3053 824 3146 quidem
852 3076 929 3124 una
957 3075 1009 3140 re,
1040 3052 1139 3146 quod
1168 3053 1216 3124 ad
1245 3052 1475 3145 corripiendi
1504 3074 1612 3123 usum
1637 3052 1792 3140 attinet,
1813 3076 1837 3124 a
1855 3056 1938 3126 tro·

285 3185 423 3258 chalcis
464 3187 627 3259 caesuris
667 3209 745 3258 non
787 3186 996 3259 abhorrent
1023 3208 1200 3261 caesurae
1229 3186 1449 3279 dactylicae.
1506 3184 1794 3280 ltcomparatis
1823 3211 1936 3282 pagg.

290 3320 335 3390 14
366 3324 406 3394 01
435 3320 484 3394 46
514 3324 554 3392 01
582 3345 618 3392 n.
651 3321 671 3390 2
704 3320 827 3392 elucet
855 3322 1029 3413 quintam
1057 3320 1137 3392 fere
1166 3341 1354 3413 quamque
1374 3341 1567 3391 caesuram
1587 3319 1797 3393 bucolicam
1818 3321 1938 3394 inter-

285 3454 490 3547 punctione
519 3454 662 3525 firmari
692 3454 782 3541 (227
814 3476 834 3527 0
868 3454 995 3542 1125).
1052 3453 1082 3524 Ε
1115 3454 1186 3525 173
1216 3453 1532 3546 correptionibus,
1561 3476 1654 3546 quas
1681 3453 1721 3524 in
1750 3453 1821 3526 hac
1846 3456 1938 3529 sede

286 3586 465 3659 exhibent
506 3610 616 3659 voces
658 3588 867 3682 dactylicae
910 3591 949 3659 et
984 3586 1236 3681 pyrrhichiae,
1267 3587 1328 3675 42,
1359 3587 1382 3658 1.
1413 3608 1444 3659 0.
1476 3591 1612 3679 quarta
1639 3587 1719 3661 fere
1749 3610 1935 3683 quaeque,
2017 3636 2022 3644 ·

286 3720 324 3791 in
353 3721 659 3814 interpunctione
688 3725 776 3793 sunt
804 3722 952 3816 positae
969 3717 996 3793 ²¹.
1053 3720 1106 3791 Ex
1135 3720 1390 3809 incisionibus
1420 3743 1516 3813 quae
1545 3722 1740 3815 excipiunt
1767 3723 1937 3815 primum

286 3854 492 3948 dactylum,
536 3858 671 3928 octava
712 3855 791 3928 fere
834 3878 1003 3948 quaeque
1049 3899 1093 3910 -
1133 3855 1164 3927 si
1194 3855 1343 3948 quidem
1374 3877 1443 3948 pro
1474 3855 1606 3928 eadem
1635 3856 1785 3928 ratione
1814 3856 1935 3929 inter·

285 3989 510 4082 punctiones
539 3989 818 4061 distribuuntur
846 3991 885 4061 in
913 3989 1022 4062 huius
1050 3991 1148 4062 sedis
1176 3990 1347 4083 dactylos
1377 3993 1416 4061 et
1434 3990 1639 4082 spondeos;
1669 3988 1800 4096 confer
1819 4013 1935 4085 pagg.

290 4123 335 4194 14
366 4124 483 4196 0140
519 4169 562 4178 -
594 4124 632 4195 in
662 4124 844 4196 incisione
873 4129 932 4196 est
960 4125 1096 4217 posita..
1153 4123 1253 4196 Ate
1283 4125 1327 4195 51
1362 4122 1471 4195 huius
1500 4123 1599 4196 sedis
1618 4123 1939 4217 correptionibus.

398 4432 487 4496 ¹Tb.
526 4439 600 4509 420,
637 4437 710 4509 471,
747 4437 792 4497 80.
831 4440 882 4508 24,
917 4437 972 4515 Op.
1013 4437 1062 4512 10,
1092 4439 1165 4508 250,
1192 4437 1264 4507 297,
1291 4437 1364 4508 365,
1391 4437 1464 4506 632,
1492 4435 1564 4511 749,
1590 4436 1664 4508 802,
1690 4436 1763 4495 823.
1811 4437 1942 4498 Accedit

285 4564 378 4603 unum
402 4564 417 4604 e
441 4545 491 4604 Fr.
517 4545 623 4614 192,1.

396 4646 409 4684 ²
433 4652 488 4710 Th.
515 4651 588 4725 178,
615 4653 687 4724 198,
714 4654 788 4723 606,
812 4653 859 4714 Sc.
888 4652 958 4725 173,
985 4654 1060 4723 265,Ι
1083 4651 1138 4729 Op.
1166 4652 1216 4724 16,
1245 4652 1322 4724 123,
1348 4653 1398 4712 Fr.
1422 4653 1568 4728 praebent
1591 4670 1690 4720 unarn,
1720 4651 1825 4721 156,4.

395 4753 487 4818 ³Th.
526 4759 598 4828 162,
637 4760 708 4831 148,
748 4760 818 4829 164,
855 4762 930 4830 430,
961 4762 1036 4837 432,
1061 4762 1135 4830 484,
1161 4760 1233 4829 533,
1261 4760 1334 4830 593,
1360 4762 1433 4830 655,
1461 4758 1534 4829 726,
1560 4758 1633 4829 760,
1660 4758 1733 4827 754,
1760 4758 1834 4825 759,
1862 4760 1942 4837 770,

288 4867 361 4938 824,
387 4867 460 4943 832,
485 4865 533 4937 (de
557 4867 612 4925 hoc
636 4887 723 4926 versu
747 4869 812 4926 vide
836 4889 905 4945 pag.
931 4868 982 4936 50,
1006 4868 1095 4945 sqq.),
1123 4867 1222 4936 1010;
1248 4866 1293 4925 Sc.
1322 4865 1371 4937 15,
1400 4864 1471 4936 111,
1497 4866 1571 4935 318,
1597 4867 1671 4930 438,
1697 4867 1781 4936 440;
1807 4866 1864 4943 Op.
1886 4868 1940 4940 79,

288 4974 339 5045 87,
367 4974 437 5044 116,
465 4974 537 5045 184,
564 4975 637 5044 209,
664 4973 738 5034 214.
765 4976 837 5045 245,
864 4975 936 5044 268,
964 4973 1036 5044 316,
1063 4975 1137 5046 322,
1163 4974 1236 5044 333,
1263 4972 1336 5044 401,
1363 4973 1436 5043 515,
1462 4974 1535 5042 595,
1562 4973 1635 5037 640,
1662 4971 1735 5044 763,
1760 4972 1836 5044 823,
1855 4975 1943 5049 825,

286 5082 336 5140 Fr.
361 5082 476 5141 addunt
499 5083 587 5143 duas:
615 5082 721 5153 1422,
748 5081 854 5152 183,3.
1393 5085 1396 5092 “
