4464 6082
838 254 900 310 Joh.
921 255 1053 310 Paulson:
1072 254 1172 311 Studia
1191 254 1334 311 Hesiodea.
1372 255 1393 311 1.

392 439 486 512 Post
514 444 691 533 quartum
721 439 944 514 trochaeum
973 443 1126 513 exstant
1153 439 1252 534 apud
1279 439 1487 515 Hesiodum
1507 441 1784 536 quinquaginta
1801 462 1963 515 nouem

285 574 498 649 incisiones.
555 573 880 648 Undetricesimus
920 574 1037 668 igitur
1079 573 1158 647 fere
1187 574 1343 668 quisque
1372 575 1545 669 dactylus
1572 575 1683 649 huius
1711 574 1819 669 pedis
1850 575 1961 649 inci·

284 708 432 781 donem
473 708 707 782 trochaicam
749 707 914 782 exhibet.
972 706 1039 801 Op.
1082 707 1169 780 hac·
1186 731 1337 802 quoque
1378 709 1418 780 in
1460 731 1502 783 10
1544 707 1681 782 ceteris
1708 708 1961 783 carminibus

286 841 453 915 deterius
494 864 534 915 se
575 838 753 928 habent:
775 842 995 915 vicesimum
1024 843 1125 914 enim
1155 863 1341 935 quemque
1370 842 1449 915 fere
1480 864 1631 915 versum
1658 842 1728 916 hac
1756 842 1959 917 incisione

285 975 480 1048 instruunt
521 974 588 1061 (29
631 997 652 1050 0
696 976 801 1064 586).
857 975 925 1047 Th.
969 997 1053 1048 eam
1096 977 1260 1048 maxime
1294 976 1428 1062 evitat,
1458 976 1956 1071 quadragesimosecundo

285 1108 365 1184 fere
407 1110 541 1202 cuique
583 1108 709 1181 versui
738 1131 821 1182 eam
850 1109 1021 1183 tribuens
1050 1108 1117 1196 (18
1147 1131 1168 1182 0
1199 1109 1301 1197 710).
1358 1108 1415 1184 80.
1445 1110 1611 1183 medium
1639 1113 1766 1198 tenet;
1796 1110 1835 1181 in
1869 1133 1957 1206 quo

285 1243 599 1316 undetricesimus
628 1243 784 1335 quisque
812 1265 943 1316 versus
971 1264 1017 1316 ea
1044 1243 1227 1315 incisione
1255 1243 1379 1315 utitur
1406 1242 1471 1331 (12
1490 1265 1524 1317 ·e
1554 1243 1658 1332 344).
1714 1242 1787 1316 Sed
1815 1264 1865 1318 ex
1885 1243 1955 1317 his

286 1376 457 1450 versibus
485 1376 598 1470 longe
616 1377 771 1469 plurimi
791 1376 982 1449 incisionis
1003 1377 1080 1448 vim
1100 1380 1167 1449 aut
1186 1376 1330 1449 tollunt
1349 1380 1416 1448 aut
1435 1377 1624 1450 minuunt.
1667 1376 1817 1471 Excipit
1836 1378 1952 1451 enim

286 1532 370 1585 eam
412 1533 485 1583 vor
513 1510 785 1583 semienclitica
811 1510 925 1584 vicies
953 1509 1036 1596 (Th.
1065 1511 1209 1597 novies,
1239 1509 1295 1585 80.
1324 1511 1477 1604 septies,
1507 1509 1574 1604 Op.
1605 1511 1766 1604 quater).
1809 1509 1936 1586 Aute-

285 1645 389 1718 cedit
429 1667 585 1718 caesura
625 1645 940 1738 semiseptenaria
967 1644 1096 1718 tricies
1124 1643 1192 1731 his,
1222 1666 1330 1737 quae,
1345 1664 1435 1717 ¹uno
1464 1645 1547 1717 loco
1575 1645 1736 1718 fortasse
1765 1641 1951 1739 excepto}

286 1801 471 1873 nusquam
507 1779 702 1865 minuitur,
742 1778 825 1851 dico
854 1777 921 1851 Th.
958 1778 1043 1864 187,
1073 1778 1137 1872 qui
1167 1799 1297 1851 versus
1326 1781 1527 1870 utramque
1555 1778 1595 1850 iu
1623 1778 1780 1851 elisione
1809 1751 1948 1872 ponit·

563 1905 701 2008 Νθμιροι
730 1903 779 1996 θ’,
809 1904 855 1992 ἀς
882 1905 1024 1993 Μελίας
1051 1903 1224 1983 auseae
1258 1903 1316 1981 ἐπ’
1346 1906 1524 2007 ἀπείρονα
1550 1915 1671 2004 γαῖαν·

286 2069 361 2140 qua
388 2068 544 2119 caesura
571 2046 790 2140 praemissa,
820 2046 945 2118 minus
973 2046 1199 2119 observatur
1227 2045 1420 2120 trochaica
1442 2067 1614 2138 sequens.
1670 2045 1721 2119 At
1740 2045 1947 2139 quinquies

286 2183 446 2274 augetur·
487 2179 799 2273 semiseptenaria
839 2179 1168 2273 interpunctione:
1212 2179 1279 2252 Th.
1328 2179 1414 2266 101,
1450 2179 1506 2254 Sc.
1539 2178 1599 2267 78,
1630 2179 1697 2274 Op.
1733 2178 1820 2266 139,
1848 2160 1978 2266 257,'

287 2315 375 2388 101.
432 2314 600 2401 occasu,
643 2314 744 2407 quoa
785 2336 831 2389 ox
872 2314 931 2386 nis
969 2290 1501 2408 1111111111111
1531 2313 1666 2407 vrgao
1694 2317 1774 2387 aa
1801 2313 1841 2385 a
1869 2312 1947 2387 hac

285 2447 467 2549 incisione
496 2447 774 2541 diphthongum
804 2447 1028 2541 corripiunt,
1057 2446 1112 2534 (in
1142 2446 1209 2519 Th.
1240 2447 1276 2534 θ,
1306 2448 1345 2519 10
1374 2447 1429 2520 80.
1459 2448 1494 2534 2,
1514 2447 1553 2519 111
1574 2447 1641 2541 Op.
1669 2447 1747 2535 lh);
1777 2469 1947 2540 quorum

287 2581 417 2656 decem
446 2585 486 2654 et
515 2584 602 2655 octo
621 2581 834 2675 corripiunt
852 2581 1185 2676 semiprocliticam
1211 2577 1283 2650 καί.
1339 2580 1543 2674 Quinquies
1563 2583 1689 2654 exstat
1708 2580 1747 2652 in
1767 2579 1944 2670 elisione,

286 2718 326 2792 et
353 2719 414 2790 ter
442 2715 594 2809 quidem
624 2715 781 2788 elisione
809 2718 1072 2788 summovetur
1107 2715 1248 2787 vocalis
1276 2713 1399 2787 finalis
1428 2714 1724 2808 praepositionis
1751 2713 1942 2808 semipre-

285 2849 449 2923 cliticae:
480 2848 546 2922 Th.
583 2849 667 2937 187,
697 2847 764 2942 Op.
800 2849 885 2936 160,
917 2843 1287 2950 487,00111011μὲγα
1315 2848 1484 2922 vocalem
1513 2848 1671 2934 amittit,
1700 2846 1756 2922 80.
1788 2848 1944 2936 1110·

286 2983 362 3056 mel
403 2979 476 3067 ὅτε,
519 2980 586 3076 Op.
632 2982 719 3055 117.
776 2982 971 3057 Accedunt
1009 2986 1192 3076 quattuor
1219 3005 1362 3070 versus,
1392 2984 1465 3089 qui·
1483 2981 1566 3055 sola
1591 2982 1800 3074 praemissa
1826 2984 1946 3055 semi·

285 3115 504 3210 septenaria
532 3116 700 3210 eripiunt
728 3120 886 3210 quartae
914 3088 1130 3190 trochaicae
1149 3138 1327 3189 cassurae
1347 3138 1500 3189 omnem
1520 3116 1597 3188 vim
1617 3115 1778 3189 nocendi
1798 3116 1945 3206 versui,

406 3248 473 3321 Th.
506 3249 598 3320 742:
630 3243 729 3319 ἀλλά
755 3270 820 3320 κεν
851 3243 948 3320 ἔνθα
975 3246 1037 3320 καί
1066 3243 1164 3321 ἔνθα
1191 3245 1294 3346 φέροι
1321 3248 1391 3346 πρὸ
1423 3243 1569 3321 θύελλα
1595 3243 1744 3345 θυέλλῃ
1777 3293 1820 3304 -

406 3382 473 3477 Op.
508 3383 599 3455 193:
629 3377 696 3454 οὐκ
724 3376 836 3456 ἔσται·
868 3377 1000 3483 βλάψει
1030 3375 1060 3453 δ’
1090 3377 1336 3464 trucicata
1366 3378 1516 3480 ἀρείονα
1543 3389 1650 3479 φῶτα
1681 3427 1726 3439 -

506 3517 601 3590 280;
630 3515 804 3611 γίγνεται.
834 3511 866 3589 εἰ
893 3515 965 3614 γάρ
994 3514 1046 3597 τίς
1073 3509 1106 3586 κ’
1137 3510 1259 3614 ἐθέλῃ
1288 3514 1335 3588 τὰ
1362 3487 1468 3588 δίκαι’
1498 3512 1698 3613 ἀγορεῦσαι
1732 3561 1773 3572 -

505 3651 599 3724 394:
630 3644 706 3749 ὥρι’
737 3641 905 3747 ἀέξηται,
935 3649 988 3747 μή
1017 3671 1097 3731 aa<
1125 3647 1172 3720 τὰ
1199 3643 1339 3747 μέταζε
1366 3642 1524 3746 χατίζιυν
1556 3696 1601 3706 -

285 3783 339 3856 Eo
382 3785 506 3857 minus
548 3785 774 3859 observatur
815 3785 951 3856 horum
993 3806 1170 3857 versuum
1212 3784 1343 3858 incisio
1378 3788 1467 3879 post
1495 3788 1673 3878 quartum
1701 3783 1944 3875 trochaeum,

286 3917 387 4011 quod
415 3917 482 3991 Th.
513 3941 643 3995 versus
672 3940 827 3992 caesura
855 3918 1055 4012 principali
1084 3919 1206 3990 utitur
1232 3918 1333 3991 haud
1360 3918 1473 3992 dubie
1492 3917 1945 4018 semiseptenariaquae

286 4048 433 4124 firmior
474 4052 625 4125 videtur
667 4075 748 4125 esse
790 4075 901 4145 quam
946 4053 1065 4124 tertia
1091 4052 1284 4126 trochaica
1317 4051 1389 4126 hoc
1417 4053 1456 4123 iu
1485 4073 1608 4139 versu,
1638 4051 1677 4125 in
1705 4051 1772 4156 Op.
1804 4053 1945 4128 autem

292 4183 464 4258 versibus
491 4186 667 4259 omnihus
708 4189 866 4279 quartus
906 4186 1107 4276 trochacus
1149 4187 1228 4260 exit
1269 4186 1308 4258 in
1349 4178 1564 4274 articulum,
1593 4162 1704 4278 quem
1742 4205 1943 4276 vocamus3

287 4339 399 4409 quem
428 4320 648 4411 procliticae
677 4323 837 4392 naturae
865 4320 1092 4413 participem
1122 4342 1202 4393 esse
1231 4320 1330 4392 ratio
1359 4320 1504 4393 suadet.

393 4450 634 4525 Ostendimus
662 4453 779 4546 igitur
803 4474 823 4525 e
843 4453 1118 4547 quinquaginta
1137 4475 1288 4541 novem,
1309 4475 1404 4547 quae
1424 4455 1577 4526 exstant
1595 4453 1694 4546 apud
1715 4450 1942 4545 Hesiodum,

286 4584 529 4657 incisionibus
571 4590 659 4678 post
700 4589 879 4679 quartum
920 4587 1143 4659 trochaeum
1172 4586 1448 4681 quinquaginta
1475 4587 1568 4658 duas
1595 4586 1690 4658 nihil
1718 4585 1943 4661 offensionis

286 4717 481 4811 praebere.
539 4717 701 4791 Restant
727 4723 886 4813 septem,
917 4741 1013 4814 quae
1042 4709 1293 4792 excusatione‘
1313 4723 1438 4814 egent,

333 4823 337 4832 ¹
393 4849 460 4922 Th.
492 4850 586 4924 319:
616 4845 642 4947 ἡ
672 4845 714 4921 δὲ
742 4844 925 4949 Χίμαιραν
955 4845 1072 4923 ἔτικτε
1100 4848 1285 4924 πνέουσαν
1313 4847 1565 4949 ἀμαιμάκετον
1593 4858 1666 4949 πῦρ
1698 4899 1742 4908 --

406 4984 461 5060 Sc.
493 4985 587 5057 222:
617 4979 778 5087 χαλκέου
808 4978 851 5055 ἐκ
878 4981 1100 5087 τελαμῶνος·
1131 4980 1149 5058 ὁ
1178 4979 1208 5056 δ’
1238 4984 1335 5058 ὥστε
1362 4978 1469 5087 νόημ’
1499 4964 1663 5063 έαοτατο·
1804 5030 1846 5106 3
