4464 6082
711 311 776 386 Cap.
797 316 843 370 Vl.
882 312 922 372 De
940 311 1071 373 brevibus
1090 313 1207 386 syllabis
1227 314 1356 373 finalibus
1375 313 1525 388 productis.
1869 287 1936 363 ῙῙῙ

397 500 502 587 Quod
539 501 682 575 attinet
718 502 764 573 ad
794 525 924 575 versus
954 525 973 575 e
1002 502 1058 576 So.
1088 504 1243 597 petitos,
1273 505 1390 576 ceteri
1421 505 1585 578 editores
1615 509 1773 578 exarant
1801 505 1942 577 formas

292 625 422 717 ἑλέειν,
467 630 635 731 μαπέειν,
663 632 791 706 πιέειν.
847 636 935 709 Sine
977 638 1146 709 codicum
1191 638 1421 711 auctoritate
1450 638 1572 710 Rzach
1602 640 1774 711 exaravit
1801 616 1949 713 formas

290 769 328 840 in
357 789 417 839 -εν
447 774 640 843 exeuntes,
697 771 864 858 Formas,
895 794 990 864 quae
1019 772 1058 842 in
1086 766 1181 841 -ἑειν
1211 776 1362 851 exeunt,
1392 773 1430 843 ni
1459 772 1582 860 fallor,
1603 795 1730 846 rerum
1751 797 1940 868 gramma·

290 903 453 976 ticarum
481 905 685 999 scriptores
715 928 851 1000 magno
881 928 1064 978 consensu
1095 907 1290 978 damnant.
1340 906 1381 979 G.
1411 907 1554 1001 Meyer,
1584 907 1646 979 Gr.
1668 908 1731 980 Gr.
1761 907 1782 996 ἓ
1812 909 1885 980 595
1908 931 1939 982 c.

290 1037 362 1110 Sed
391 1061 574 1132 quaerere
603 1039 704 1126 lieet,
741 1040 874 1132 ecquid
903 1044 1057 1134 praeter
1085 1040 1255 1113 codicum
1284 1041 1509 1133 scripturam
1539 1041 1600 1129 sit,
1631 1020 1731 1134 <quod
1761 1042 1941 1115 defendat

290 1173 444 1261 formas,
475 1196 567 1266 quas
595 1174 755 1266 praebet
783 1173 839 1246 Sc.
870 1174 909 1245 in
937 1170 1031 1243 -ἑειν
1061 1178 1254 1246 exeuntes

397 1307 555 1380 Praeter
597 1307 664 1380 has
706 1307 847 1380 formas
889 1308 953 1380 az.
997 1309 1151 1381 exhibet
1179 1309 1271 1379 <luas
1300 1308 1469 1381 eiusdem
1497 1310 1658 1402 generis,
1689 1309 1745 1382 Sc.
1775 1334 1811 1382 v.
1843 1290 1939 1383 2740:

290 1436 471 1535 πραθὲεν,
515 1466 588 1534 quo
631 1443 670 1513 in
714 1442 858 1535 quinta,
890 1443 985 1513 332:
1030 1436 1167 1525 λιπὲεν,
1211 1464 1306 1535 quae
1343 1443 1527 1536 syllabam
1558 1442 1709 1515 finalem
1739 1444 1776 1514 in
1807 1448 1943 1537 quarta

290 1575 389 1647 thesi
427 1576 549 1668 ponit,
579 1578 751 1669 sequenti
794 1598 887 1649 voce
930 1599 1146 1649 aeonsooa
1174 1577 1391 1670 incipiente.
1448 1577 1580 1670 Neque
1609 1577 1690 1664 Th,
1719 1600 1842 1671 neque
1871 1578 1941 1672 ΟΡ.

289 1708 357 1782 has
386 1709 528 1782 formas
556 1713 777 1804 agnoscunt.

396 1843 425 1914 Ε
453 1866 517 1917 sex
547 1844 663 1937 igitur
691 1844 823 1916 formis
852 1847 1033 1938 quattuor
1062 1845 1100 1915 in
1130 1844 1228 1917 thesi
1248 1848 1339 1917 ante
1360 1868 1490 1918 vocem
1511 1869 1533 1917 a
1553 1846 1673 1918 vocali
1693 1846 1936 1940 incipientem

289 1977 479 2050 collocant
520 1979 676 2052 brevem
717 1979 902 2073 syllabam
944 1977 1096 2051 finalem
1139 1979 1175 2049 in
1220 2001 1422 2051 consonam
1453 1984 1667 2053 exeuntem.
1725 1980 1831 2065 Quod
1860 1981 1941 2054 iure

290 2113 428 2183 mirum
458 2112 553 2201 dico,
584 2136 698 2206 quum
727 2120 814 2185 raro
851 2113 1006 2185 omnino
1035 2111 1103 2184 fiat
1131 2116 1174 2184 ut
1203 2112 1328 2185 brevis
1356 2113 1502 2207 syllaba
1530 2115 1718 2208 positione
1748 2138 1824 2189 uon
1853 2138 1939 2209 pro-
2011 2094 2013 2098 Ι

290 2245 403 2318 ducta
429 2247 554 2319 thesin
574 2250 743 2340 occupet.
800 2246 916 2340 Apud.
930 2247 1137 2326 Homerum
1160 2269 1180 2319 e
1200 2251 1353 2319 centum
1374 2248 1518 2320 duobus
1539 2248 1721 2341 exemplis
1742 2251 1939 2342 quattuor·

290 2381 410 2453 decim
453 2384 604 2452 tantum
648 2384 738 2452 ante
780 2381 951 2454 vocalem
994 2385 1143 2474 ponunt
1184 2381 1367 2475 syllabam
1411 2381 1564 2453 finalem
1606 2381 1786 2471 (Renner,
1830 2382 1853 2454 l.
1884 2383 1938 2472 l),

289 2515 336 2594 i..
358 2538 389 2588 e.
434 2518 612 2587 octavum
655 2515 735 2588 fere
778 2516 971 2609 quodque;
1009 2538 1104 2609 quae
1147 2514 1259 2609 longe
1303 2516 1378 2587 arlia
1420 2519 1478 2588 est
1505 2517 1605 2589 ratio
1636 2539 1748 2609 quam
1777 2539 1873 2609 quae
1901 2517 1941 2588 in

289 2648 345 2721 Sc.
375 2649 580 2721 intercedit
608 2649 709 2721 inter·
737 2670 800 2721 sex
831 2652 871 2721 et
899 2653 1093 2741 quattuor.

395 2782 433 2854 Si
462 2783 499 2853 in
529 2783 855 2877 comparationem
890 2785 1036 2855 vocastis
1064 2784 1200 2856 ceteris
1230 2785 1362 2855 tonnis
1390 2784 1557 2856 eiusdem
1587 2786 1768 2857 metricae
1798 2785 1940 2878 figurae

289 2917 516 3009 quaerimus,
560 2920 688 2987 utrum
730 2920 820 2989 rante
863 2939 973 2989 voces
1015 2942 1037 2988 a
1072 2918 1246 2989 consonis
1275 2918 1512 3010 incipientes,
1542 2942 1589 2989 an
1620 2921 1709 2989 ante
1739 2941 1813 3007 eas,
1844 2942 1940 3012 quae

288 3050 410 3123 vocali
452 3050 591 3121 initiali
633 3053 804 3138 utuntur,
822 3050 1011 3126 ¹collocari
1040 3050 1201 3138 soleant,
1232 3051 1392 3123 fortasse
1421 3052 1561 3144 aliquid
1591 3052 1801 3125 adiumenti
1830 3053 1939 3125 nobis

288 3184 517 3276 parabimus,
561 3208 634 3277 quo
677 3185 766 3255 freti
802 3186 941 3257 certius
984 3186 1189 3258 diiudicare
1226 3187 1423 3278 possimne,
1453 3190 1541 3257 utra
1569 3187 1758 3258 formandi
1788 3189 1937 3261 ratione

289 3341 377 3390 usus
405 3319 456 3391 sit
483 3319 543 3391 hic
572 3319 781 3391 infinitivus
810 3321 910 3413 capud
939 3324 1142 3413 utrumque
1171 3324 1338 3413 poetam.
1395 3319 1528 3412 ltaque
1556 3320 1586 3391 si
1615 3322 1819 3393 statuimus
1839 3322 1938 3414 apud

288 3451 498 3525 Homerum
528 3453 626 3526 hunc
659 3453 890 3525 infinitivum
921 3478 1029 3525 usum
1058 3476 1138 3526 esse
1168 3454 1272 3526 exitu
1300 3473 1384 3537 -ειν,
1414 3455 1620 3546 quaeritur,
1651 3478 1741 3525 num
1771 3455 1818 3527 ad
1847 3478 1934 3527 eau-

289 3585 376 3658 dem
418 3587 608 3659 rationem
650 3590 801 3659 ceterae
843 3587 1011 3659 eiusdem
1054 3587 1255 3659 schematis
1299 3609 1422 3674 voces,
1452 3588 1474 3659 i.
1505 3610 1537 3660 e.
1569 3611 1664 3680 quae
1693 3589 1937 3682 arrrqraestica

288 3719 412 3791 forma
439 3723 611 3808 utuntur,
648 3724 714 3792 aut
749 3722 788 3791 in
817 3724 1063 3815 aanrapaestum
1094 3722 1272 3793 desinunt
1291 3715 1315 3809 ¹,
1346 3724 1436 3793 sinte
1465 3744 1648 3795 consonas
1677 3721 1843 3795 initiales
1871 3746 1938 3816 po·

288 3858 440 3926 uantur.
498 3854 585 3926 Eius
613 3855 755 3948 figurae
784 3878 895 3927 voces
925 3855 1078 3927 exhibet
1111 3854 1154 3927 Il.
1185 3854 1213 3942 l,
1244 3856 1344 3949 quod
1372 3878 1525 3929 carmen
1553 3858 1813 3947 perscrutatus
1841 3830 1936 3943 sum,

287 3989 497 4082 nonaginta
538 3992 628 4077 tres,
659 4012 817 4081 quarum
847 3989 1133 4083 quinquaginta,
1163 3990 1185 4059 i.
1217 4011 1248 4061 e.
1279 3990 1362 4082 plus
1391 3989 1586 4061 dimidiam
1616 3992 1766 4097 partem
1796 3989 1937 4082 excipit

290 4122 428 4194 vocalis
471 4122 639 4210 initialis,
682 4122 934 4216 quandraginta
976 4125 1054 4194 tres
1096 4145 1273 4194 consona.
1330 4123 1433 4207 Quod
1477 4146 1590 4216 quum
1621 4123 1676 4193 ita
1704 4123 1766 4209 sit,
1796 4122 1937 4209 mirum

287 4278 377 4329 sane
406 4256 582 4343 dicerem,
612 4257 642 4327 si
672 4279 692 4329 e
721 4259 874 4329 centum
903 4256 1047 4328 duolms
1076 4255 1364 4329 Homericorum
1389 4257 1600 4329 carminum
1620 4256 1819 4329 infinitivis
1840 4256 1934 4328 eius-

288 4390 374 4463 dem
416 4390 599 4463 metricae
627 4389 781 4483 figurae,
812 4390 1117 4483 quattuordecim
1146 4393 1296 4461 tantum
1328 4395 1418 4463 ante
1448 4390 1597 4464 vocales
1627 4390 1792 4462 initiales
1821 4389 1937 4483 positi

287 4527 424 4596 essent.
481 4528 604 4609 Quare
632 4524 713 4618 ipsa
741 4524 833 4596 haee
863 4546 922 4596 res
951 4525 1153 4596 ostendere
1182 4525 1334 4596 videtur
1362 4524 1431 4596 hos
1460 4525 1670 4596 infinitivos
1698 4546 1775 4595 non
1803 4524 1843 4595 in
1862 4542 1944 4621 --εινΥ

287 4658 433 4731 exiisse.

288 4787 367 4796 ———
565 4789 712 4796 -—-——.

399 4861 408 4897 ¹
434 4866 560 4930 Renner,
586 4867 605 4923 l.
629 4867 649 4923 l.
674 4886 743 4941 pag.
776 4867 827 4934 32,
853 4885 900 4922 an.
927 4864 958 4935 5)
983 4872 1138 4922 enumerat
1161 4882 1271 4929 omnes,
1297 4864 1349 4939 qni
1374 4867 1430 4923 lmc
1447 4864 1605 4941 pertinent,
1624 4864 1784 4922 infinitivos
1802 4863 1935 4921 Homeri·

286 4990 352 5042 c0s;
387 4974 466 5031 unde
501 4978 626 5049 apparet
660 4992 718 5043 eos,
755 4959 908 5049 assumpto
943 4973 1024 5031 exit-u
1047 4987 1117 5027 -ειν,
1142 4990 1242 5031 onmes
1267 4973 1455 5048 anapaestico
1479 4973 1574 5031 forma
1598 4972 1718 5030 indutos
1742 4990 1803 5029 esse
1828 4974 1882 5028 aut
1905 4970 1935 5027 in

286 5086 480 5158 anapaestum
505 5081 645 5140 desinere.
