4464 6082
289 273 361 345 110
832 304 893 358 rou.
915 304 1048 357 Paulson:
1068 303 1167 358 seura
1187 302 1330 359 nestorea.
1368 305 1388 358 1.

282 508 357 573 -αν,
386 488 429 559 ll.
459 488 507 576 ll,
533 489 627 560 841:
659 495 730 559 :un
751 481 784 558 οἳ
803 484 965 585 ,λάριοαν
986 482 1199 585 ἐριβώλακα
1217 487 1459 560 ναιετάασκον
1479 489 1534 577 (in
1554 491 1709 562 navium
1729 491 1943 585 catalogo),

283 625 323 695 et
347 622 413 695 Od.
435 622 534 710 VIII,
557 625 624 694 54:
655 621 778 693 πάντα
805 620 902 693 κατά
930 628 1068 720 μοῖραν,
1099 620 1171 708 ἀνά
1201 615 1237 694 e’
1268 616 1364 694 ίστία
1392 618 1510 694 λευκά
1537 613 1739 696 πέτασσαν.
1761 691 1768 703 ,

282 756 380 841 Ques
421 758 691 850 productiones
712 754 880 831 ‘eredere
908 758 998 830 lieet
1026 758 1168 829 imitari
1198 781 1294 844 eam,
1325 780 1420 850 quse
1449 757 1493 830 fit
1520 759 1560 829 in
1589 758 1794 831 verborum
1822 759 1942 831 simili

282 893 567 964 termInutione.

389 1025 491 1110 Quae
509 1003 566 1098 vde
595 1027 653 1098 his
682 1026 893 1099 Homericis
922 1026 1013 1099 locis
1034 1024 1277 1120 disputentur
1297 1027 1427 1099 valent
1447 1027 1564 1099 etiam
1584 1027 1631 1099 de
1650 1030 1784 1100 nostro
1805 1028 1892 1101 loco
1914 1023 1938 1101 ¹.

389 1180 460 1230 -εν,
516 1161 587 1233 HIc
616 1162 739 1233 exitus
767 1161 1009 1254 producitur:

496 1294 562 1367 Ἧι.
594 1296 687 1367 480:
721 1289 851 1390 Κρήτῃ
882 1287 921 1364 ἐν
951 1288 1078 1390 εὐρείγγ
1107 1291 1293 1392 τραφέμεν
1323 1289 1607 1391 ἀτιταλλέμεναί
1635 1315 1686 1365 τε.

496 1429 552 1502 Sc.
596 1430 689 1501 231:
720 1422 864 1525 ίέμεναι
893 1425 1049 1525 μαπέεν.
1079 1423 1140 1501 ἐπί
1169 1424 1210 1499 δὲ
1237 1424 1382 1525 χλιαροῦ
1412 1423 1631 1526 ἀδάμαντος·
1732 1460 1741 1472 .

596 1564 689 1635 252:
721 1557 814 1658 αίμα
842 1556 960 1659 μέλαν
988 1559 1101 1633 πιέεν·
1132 1559 1171 1634 ὃν
1200 1557 1242 1633 δὲ
1270 1570 1412 1658 πρῶτον
1441 1561 1658 1659 μεμάποιεν·
1746 1638 1761 1667 0

595 1696 688 1769 304:
719 1690 856 1793 ἱέμενοι
885 1693 1040 1794 μαπέεν,
1071 1690 1103 1767 οἱ
1131 1689 1161 1766 ά
1190 1690 1327 1793 ἱέμενοι
1356 1687 1551 1779 ὑπαλύξαι·

595 1831 689 1904 337:
720 1823 803 1901 οὔθ’
833 1827 964 1912 ι’πποος
994 1823 1100 1901 έλέεν
1130 1825 1214 1901 οὔτε
1241 1826 1359 1901 κλοτά
1387 1828 1524 1926 τεύχεα
1551 1836 1634 1902 τοῖο.

283 1964 452 2036 Primum
482 1966 528 2037 de
556 1965 624 2037 Th.
655 1988 765 2037 versu
795 1965 1040 2058 disputemus.
1097 1965 1289 2037 lliusmodi
1316 1966 1524 2038 infinitirus
1544 1967 1644 2060 apud
1663 1965 1876 2040 Homerum
1897 1968 1937 2039 in

283 2099 392 2188 thesi,
421 2103 604 2192 sequente
635 2099 754 2172 rotuli
785 2100 935 2187 initiali,
965 2101 1076 2193 pontt
1103 2100 1288 2194 syllabam
1318 2100 1470 2172 finalem

407 2233 450 2306 ll.
480 2232 561 2321 Vll,
593 2234 685 2305 418:
716 2228 932 2329 ἀμφότερον,
961 2228 1097 2314 νέκυάς
1125 2226 1154 2302 τ’
1184 2229 1336 2330 ἀγέμεν,
1366 2228 1483 2329 έτεροι
1512 2228 1553 2304 δέ
1582 2227 1670 2330 μεθ’
1699 2228 1804 2329 ὕλην·

283 2367 419 2440 Confer
438 2366 480 2440 Il.
501 2367 549 2455 Il,
573 2368 660 2477 228.
716 2367 901 2460 SpItzner‚
924 2367 947 2439 l.
969 2368 992 2439 l.
1014 2391 1098 2461 pag.
1120 2368 1183 2475 ll,
1204 2370 1374 2440 inversu
1395 2373 1526 2468 nostro
1548 2369 1674 2462 potius
1693 2369 1938 2442 scribendum

283 2523 363 2574 esse
405 2496 592 2597 τραφέμεν
634 2493 663 2569 c*
707 2496 990 2597 ἀτιταλλέμεναί
1032 2522 1083 2586 τε,
1122 2524 1236 2594 quum
1265 2502 1555 2594 productionem
1584 2502 1780 2575 serendam
1808 2504 1936 2591 docet,

293 2681 330 2690 -
363 2637 413 2724 id,
443 2636 543 2729 quod
573 2637 661 2722 iem,
691 2639 791 2709 teste
816 2636 978 2708 llzeclrio
999 2635 1169 2729 aliisque,
1189 2638 1308 2707 suasit
1328 2635 1550 2708 Winterton
1574 2683 1632 2709 ——.
1689 2637 1796 2722 Quod
1816 2638 1937 2710 etiam

283 2770 399 2864 Paley
441 2771 480 2841 in
524 2770 692 2843 editione
721 2794 788 2843 suu
817 2770 979 2842 excudit.
1036 2769 1108 2842 Sed
1138 2792 1285 2857 vereor,
1316 2793 1363 2842 ue
1393 2775 1523 2843 errent
1541 2765 1566 2842 ί.
1623 2771 1723 2844 Nam
1750 2772 1822 2844 hoc
1851 2770 1937 2844 loco

283 2905 446 2977 alterum
476 2905 702 2991 membrum,
732 2897 1026 2999 ἀτιταλλέμεναι,
1051 2904 1188 2997 prioris
1208 2904 1372 2976 membri
1390 2905 1552 2997 angendi
1571 2928 1683 2978 cause
1702 2886 1871 2999 ponitur,
1894 2911 1939 2977 ut

283 3040 486 3131 utrumque
514 3038 672 3110 eandem
694 3061 773 3110 rem
795 3037 981 3130 significet
997 3032 1024 3110 ³.
1073 3037 1230 3109 Constet
1250 3039 1346 3130 epici
1365 3040 1549 3111 sermome
1570 3063 1677 3112 usum
1697 3064 1774 3111 non
1795 3040 1934 3112 ebher-

283 3194 367 3244 rere
397 3172 443 3243 ab
472 3172 543 3245 lroc
572 3173 684 3244 modo
714 3172 894 3266 iungendi
923 3173 1145 3244 sententiae.
1190 3172 1284 3243 Vide
1304 3173 1540 3260 liulinerurn,
1562 3173 1585 3243 l.
1606 3172 1644 3259 λ,
1665 3172 1712 3261 ΙΙ,
1733 3197 1818 3267 pag.
1845 3175 1935 3247 786.

395 3347 521 3427 ¹l‘eley
544 3353 599 3410 sub
623 3372 711 3410 rersn
748 3353 810 3410 646
836 3335 1009 3411 dubitanter
1033 3352 1173 3410 coniecit:
1210 3341 1236 3406 εἰ
1272 3349 1313 3430 μή
1349 3343 1376 3424 γ’
1408 3341 1452 3415 εἰς
1476 3341 1607 3426 Εὔβοιαν
1630 3343 1682 3407 ἀπ’
1707 3340 1843 3416 Αὐλίδος
1856 3347 1935 3408 νιτλ.

284 3460 320 3518 G.
357 3461 466 3535 Meyer,
504 3460 555 3517 Gr.
582 3459 644 3530 Gr,
670 3461 685 3525 ξ
711 3460 762 3526 51,
787 3480 812 3518 e.
838 3460 924 3517 Anni.
950 3463 1059 3528 monet,
1085 3479 1121 3516 ne
1145 3460 1210 3533 quis
1234 3460 1336 3517 credet
1361 3449 1490 3533 Etenna
1515 3461 1544 3517 in
1568 3479 1657 3518 versu
1680 3465 1781 3519 nostro
1806 3460 1937 3536 antiqui·

282 3569 354 3627 tatis
387 3586 448 3626 esse
483 3568 650 3643 vestigium.
697 3568 741 3625 lle
766 3566 821 3642 Op.
847 3586 875 3625 v.
901 3567 979 3624 443:
1004 3555 1106 3621 ἰθεῖαν
1131 3556 1253 3622 erilem
1277 3567 1343 3624 vide
1368 3567 1485 3625 llcechii
1510 3587 1612 3643 appar.
1638 3567 1703 3626 crit.

390 3675 540 3751 Ilarrgold
566 3669 627 3744 (lle
654 3670 782 3732 ‹lr'rrlcsr'
807 3668 984 3731 Homerico.
1032 3674 1128 3731 Curtii
1152 3674 1237 3731 seue.
1264 3674 1315 3739 Vl,
1340 3694 1408 3750 pag.
1437 3673 1511 3743 174)
1536 3675 1622 3733 docet
1645 3675 1757 3733 nullam
1782 3693 1843 3733 esse
1867 3695 1936 3734 cnu-

283 3803 356 3853 sum,
393 3802 446 3841 cur
480 3783 676 3858 productam·
691 3782 828 3840 nltimam
864 3781 1009 3855 syllabam
1034 3800 1095 3839 esse
1118 3784 1257 3856 putemus
1282 3781 1495 3839 infinitivorum
1520 3781 1549 3839 iu
1573 3797 1648 3837 -ααν
1673 3782 1855 3840 exeuntium.
1904 3782 1936 3842 Si

283 3890 346 3949 iure
370 3890 399 3948 id
423 3890 584 3957 contendit,
609 3890 721 3947 nccedIt
745 3909 760 3945 e
785 3889 838 3946 'l'lr.
865 3908 956 3945 unum
981 3889 1183 3964 productionis
1207 3890 1373 3963 exemplum
1398 3889 1455 3947 huc
1479 3890 1645 3964 pertinens:

626 4016 654 4054 ν.
681 3996 761 4054 llll:
787 3999 877 4073 τιμῆς
900 3986 1037 4061 ἐξελάαν,
1063 3986 1078 4051 ὁ
1103 3988 1130 4050 δ’
1156 3986 1186 4051 ἐν
1211 3986 1433 4066 discretores)
1458 3987 1586 4061 ἀνάξειν.

393 4098 406 4134 ²
430 4104 460 4162 Si
484 4105 628 4181 scriptum
653 4123 795 4179 umquem
820 4103 923 4161 fnisset
948 4095 984 4169 τ’,
1008 4104 1056 4162 vix
1080 4096 1243 4162 excidisset.
1291 4102 1356 4172 Quo
1380 4103 1457 4160 enirn
1481 4103 1642 4163 crebriores
1666 4104 1750 4163 uobis
1771 4109 1937 4164 occurrunt

284 4213 448 4288 particulae
484 4228 525 4278 τε,
560 4205 602 4272 δέ
639 4227 682 4283 γε.
717 4211 804 4268 metri
828 4230 916 4268 censa
941 4211 1067 4279 additae,
1093 4230 1127 4269 eo
1151 4211 1247 4268 miuus
1272 4213 1317 4268 est
1340 4210 1477 4267 credibile
1501 4230 1550 4269 ees
1574 4230 1589 4269 e
1613 4210 1683 4270 locis
1707 4211 1858 4281 excidisse,
1883 4212 1936 4270 ubi

284 4323 413 4377 metrum
437 4339 539 4376 curum
564 4319 714 4377 lulcimiue
738 4318 868 4392 indigere
893 4318 1021 4376 videtur.

393 4420 407 4457 ³
431 4426 571 4484 Conferre
596 4427 664 4484 licet·
688 4425 877 4484 Homericum
902 4426 986 4493 illud,

604 4534 639 4591 ll.
664 4534 687 4605 l,
713 4533 752 4591 57
764 4555 770 4591 :
797 4525 825 4589 οἳ
848 4525 874 4587 δ’
900 4523 964 4588 ἐπεὶ
988 4521 1038 4587 οὖν
1061 4524 1193 4610 ἤγερθεν
1217 4521 1384 4609 ὁμηγερέες
1409 4523 1434 4585 τ’
1459 4522 1603 4603 ἐγένοντο·

283 4642 336 4700 ubi
370 4642 517 4717 posterius
553 4642 727 4707 membrum,
763 4641 845 4716 prius
881 4640 1009 4715 quodam
1046 4639 1133 4698 modo
1164 4638 1404 4697 circumscribens
1429 4639 1551 4714 eiusque
1575 4639 1751 4697 sententium
1776 4642 1936 4714 tamquam

175 4815 178 4822 ¹
284 4749 448 4808 intendens.
473 4749 564 4824 priori
590 4748 736 4823 particule
761 4764 790 4804 τε
815 4748 991 4808 conectitur.
1039 4748 1078 4805 At
1102 4746 1126 4804 si
1150 4746 1193 4804 ita
1216 4747 1376 4804 statuimus
1400 4743 1550 4824 τραφέμεν
1575 4752 1605 4804 ct
1628 4736 1864 4821 ἀτιταλλέμέναι
1881 4747 1937 4805 dif-

285 4858 371 4929 ferre,
406 4860 442 4913 ut
476 4857 603 4914 alterum
639 4855 676 4913 ed
710 4856 805 4915 bonos
826 4874 922 4915 mores
957 4854 1163 4922 instItuendos‚
1200 4855 1327 4912 alterum
1352 4854 1390 4912 nd
1413 4872 1520 4928 corpus
1544 4854 1681 4911 alendum
1706 4856 1829 4928 spectet,
1854 4854 1937 4926 licet,

284 4963 398 5040 opinor,
435 4977 467 5017 τε
501 4963 637 5021 inserere.
687 4962 727 5020 Ut
761 4968 866 5037 aptum
897 4982 914 5019 u
945 4960 987 5019 La
1011 4960 1122 5020 Reclrio
1146 4976 1177 5016 τε
1201 4962 1376 5023 restitutum
1399 4980 1460 5021 esse
1484 4959 1539 5021 Od.
1565 4961 1615 5031 IX,
1642 4959 1722 5019 207:
1747 4949 1819 5014 ἀλλ’
1845 4948 1940 5033 αὐτάς

285 5063 310 5127 τ’
336 5062 451 5149 ἀλοχάς
475 5085 505 5125 τε
529 5064 602 5151 φίλη
627 5074 683 5128 etc.
707 5069 814 5130 iudice.
